@MISC{Adler2011,
  author = {Adler, Daniel and Murdoch, Duncan},
  title = {{rgl}: 3{D} visualization device system ({OpenGL})},
  year = {2020},
  note = {R package version 0.103.5},
  type = {\bibcomputersoftware},
  url = {https://CRAN.R-project.org/package=rgl}
}

@BOOK{Adler2009,
  title = {R in a nutshell},
  publisher = {O'Reilly},
  year = {2012},
  author = {Adler, Joseph},
  address = {Sebastopol, CA},
  edition = {2.}
}

@BOOK{Agresti2007,
  title = {An introduction to categorical data analysis},
  publisher = {Wiley},
  year = {2018},
  author = {Agresti, Alan},
  address = {New York, NY},
  edition = {3.}
}

@BOOK{Agresti2015,
  title = {Foundations of Linear and Generalized Linear Models},
  publisher = {Wiley},
  year = {2015},
  author = {Agresti, Alan},
  address = {New York, NY},
}

@BOOK{Aiken1991,
  title = {Multiple regression: {T}esting and interpreting interactions},
  publisher = {Sage},
  year = {1991},
  author = {Aiken, Leona S and West, Stephen G},
  address = {Thousand Oaks, CA}
}

@ARTICLE{Aitkin1978,
  author = {Aitkin, Murray},
  title = {The analysis of unbalanced cross classifications (with discussion)},
  journal = {Journal of the Royal Statistical Society A},
  year = {1978},
  volume = {141},
  pages = {195--223},
  number = {2},
}

@MISC{Allaire2024,
  author = {Allaire, JJ and Dervieux, Christophe},
  title = {{quarto}: {R} Interface to `{Q}uarto' Markdown Publishing System},
  year = {2024},
  note = {Version 1.4.4},
  type = {\bibcomputersoftware},
  address = {Boston, MA},
  url = {https://CRAN.R-project.org/package=quarto}
}

@MISC{Allaire2011,
  author = {{Posit PBC}},
  title = {{RStudio}: {I}ntegrated Development Environment for {R}},
  year = {2021},
  note = {Version 1.4.1100},
  type = {\bibcomputersoftware},
  address = {Boston, MA},
  url = {https://posit.co/products/open-source/rstudio/}
}

@MISC{Allaire2010,
  author = {Allaire, J J and Horner, Jeffrey and Marti, Vicent and Porte, Natacha},
  title = {{markdown}: {M}arkdown rendering for {R}},
  year = {2019},
  note = {R package version 1.1},
  type = {\bibcomputersoftware},
  url = {https://CRAN.R-project.org/package=markdown}
}

@MISC{Allaire2018,
  author = {Allaire, J J and Ushey, K and Tang, Y},
  title = {{reticulate}: {I}nterface to `{P}ython'},
  year = {2020},
  note = {R package version 1.18},
  type = {\bibcomputersoftware},
  url = {https://CRAN.R-project.org/package=reticulate}
}

@ARTICLE{Allison2008,
  author = {Allison, Paul D},
  title = {Convergence Failures in Logistic Regression},
  journal = {SAS Global Forum},
  year = {2008},
  volume = {360},
  pages = {1--11},
  url = {https://support.sas.com/resources/papers/proceedings/pdfs/sgf2008/360-2008.pdf}
}

@INCOLLECTION{Allison2003,
  author = {Allison, Paul D},
  title = {Convergence Problems in Logistic Regression},
  booktitle = {Numerical Issues in Statistical Computing for the Social Scientist},
  publisher = {Wiley},
  year = {2003},
  editor = {Altman, Micah and Gill, Jeff and McDonald, Michael P},
  pages = {238--252},
  address = {Hoboken, NJ},
}

@ARTICLE{Almiron2009,
  author = {Almiron, Marcelo G and Almeida, Eliana S and Miranda, Marcio N},
  title = {The reliability of statistical functions in four software packages freely used in numerical computation},
  journal = {Brazilian Journal of Probability and Statistics},
  year = {2009},
  volume = {23},
  pages = {107--119},
  number = {2}
}

@INCOLLECTION{Andres1996,
  author = {Andres, Johannes},
  title = {Das allgemeine lineare {M}odell},
  booktitle = {Handbuch {Q}uantitative {M}ethoden},
  publisher = {Beltz},
  year = {1996},
  editor = {Erdfelder, Edgar and Mausfeld, Rainer and Meiser, Thorsten and Rudinger, Georg},
  pages = {185--200},
  address = {Weinheim}
}

@MISC{Arnold2016,
  title = {{ggthemes}: {E}xtra Themes, Scales and Geoms for `ggplot2'},
  author = {Arnold, Jeffrey B},
  year = {2019},
  note = {R package version 4.2.0},
  type = {\bibcomputersoftware},
  url = {https://CRAN.R-project.org/package=ggthemes},
}

@ARTICLE{Austenfeld2012,
  author = {Austenfeld, Marcel and Beyschlag, Wolfram},
  title = {A Graphical User Interface for {R} in a Rich Client Platform for Ecological Modeling},
  journal = {Journal of Statistical Software},
  year = {2012},
  volume = {49},
  pages = {1--19},
  number = {4},
  url = {https://bio7.org/},
}

@BOOK{Backhaus2008,
  title = {Multivariate {A}nalysemethoden},
  publisher = {Springer Gabler},
  year = {2018},
  author = {Backhaus, Klaus and Erichson, Bernd and Plinke, Wulff and Weiber, Rolf},
  address = {Heidelberg},
  edition = {15.}
}

@BOOK{Backhaus2013,
  title = {Fortgeschrittene {M}ultivariate {A}nalysemethoden},
  publisher = {Springer Gabler},
  year = {2015},
  author = {Backhaus, Klaus and Erichson, Bernd and Weiber, Rolf},
  address = {Heidelberg},
  edition = {3.}
}

@MISC{Balasubramanian2013,
  title = {{cubature}: {A}daptive multivariate integration over hypercubes},
  author = {Balasubramanian, Narasimhan and Johnson, Steven G and Hahn, Thomas and Bouvier, Anne and Kieu, Kien},
  year = {2020},
  note = {R package version 2.0.4.1},
  type = {\bibcomputersoftware},
  url = {https://CRAN.R-project.org/package=cubature},
}

@MISC{Barthelme2019,
  title = {{imager}: {I}mage Processing Library Based on `{CImg}'},
  author = {Barthelme, Simon},
  year = {2020},
  note = {R package version 0.42.1},
  type = {\bibcomputersoftware},
  url = {https://CRAN.R-project.org/package=imager},
}

@ARTICLE{Bates2004,
  author = {Bates, Douglas},
  title = {Least squares calculations in {R}},
  journal = {R News},
  year = {2004},
  volume = {4},
  pages = {17--20},
  number = {1},
  url = {https://CRAN.R-project.org/doc/Rnews/}
}

@MISC{Bates2009,
  author = {Bates, Douglas and Maechler, Martin},
  title = {Matrix: {S}parse and dense matrix classes and methods},
  year = {2019},
  note = {R package version 1.2-18},
  type = {\bibcomputersoftware},
  url = {https://CRAN.R-project.org/package=Matrix}
}

@ARTICLE{Bates2008,
  title = {Fitting Linear Mixed-Effects Models Using {lme4}},
  author = {Bates, Douglas and Maechler, Martin and Bolker, Ben and Walker, Steve},
  journal = {Journal of Statistical Software},
  year = {2015},
  volume = {67},
  number = {1},
  pages = {1--48},
  url = {https://www.jstatsoft.org/article/view/v067i01/}
}

@BOOK{Becker1988,
  title = {The new {S} Language: {A} programming environment for data analysis and graphics},
  publisher = {Wadsworth \& Brooks/Cole},
  year = {1988},
  author = {Becker, Richard A and Chambers, John M and Wilks, Allan R},
  address = {Pacific Grove, CA}
}

@ARTICLE{Becker1996,
  author = {Becker, Richard A and Cleveland, William S and Shyu, Ming-Jen},
  title = {The visual design and control of {T}rellis displays},
  journal = {Journal of Computational and Graphical Statistics},
  year = {1996},
  volume = {5},
  pages = {123--155},
  number = {2}
}

@ARTICLE{Bender2005,
  author = {Bender, Ralf and Augustin, Thomas and Blettner, Maria},
  title = {Generating survival times to simulate {C}ox proportional hazards models},
  journal = {Statistics in Medicine},
  year = {2005},
  volume = {24},
  pages = {1713--1723}
}

@MISC{Bengtsson2019,
  title = {{future}: {U}nified Parallel and Distributed Processing in {R} for Everyone},
  author = {Henrik Bengtsson},
  year = {2020},
  type = {\bibcomputersoftware},
  note = {R package version 1.16.0},
  url = {https://CRAN.R-project.org/package=future},
}

@MISC{Bengtsson2024,
  author = {Bengtsson, Henrik},
  title = {{parallelly}: {E}nhancing the `parallel' package},
  year = {2023},
  note = {Version 1.37.1},
  type = {\bibcomputersoftware},
  url = {https://CRAN.R-project.org/package=parallelly}
}

@ARTICLE{Bernaards2005,
  author = {Bernaards, Coen A and Jennrich, Robert I},
  title = {Gradient projection algorithms and software for arbitrary rotation criteria in factor analysis},
  journal = {Educational and Psychological Measurement},
  year = {2005},
  volume = {65},
  number = {5},
  pages = {676--696}
}

@BOOK{Beyersmann2012,
  title = {Competing risks and multistate models with {R}},
  publisher = {Springer},
  year = {2012},
  author = {Beyersmann, Jan and Allignol, Arthur and Schumacher, Martin},
  address = {New York, NY},
}

@BOOK{Bivand2013,
  title = {Applied Spatial Data Analysis with {R}},
  publisher = {Springer},
  year = {2013},
  author = {Bivand, Roger S and Pebesma, Edzer and {G\'{o}mez-Rubio}, Virgilio},
  address = {New York, NY},
  edition = {2.},
  url = {https://asdar-book.org/}
}

@article{Blair1978,
  author = {Blair, RC and Higgins, JJ},
  title = {Tests of hypotheses for unbalanced factorial designs under various regression/coding method combinations},
  year = {1978},
  journal = {Educational and Psychological Measurement},
  pages = {621--631},
  volume = {38},
}

@MISC{Bliese2006,
  author = {Bliese, Paul},
  title = {{multilevel}: {M}ultilevel functions},
  year = {2016},
  note = {R package version 2.6},
  type = {\bibcomputersoftware},
  url = {https://CRAN.R-project.org/package=multilevel}
}

@BOOK{Bloomfield2014,
  title = {Using {R} for numerical analysis in science and engineering},
  publisher = {Chapman \& Hall/CRC},
  year = {2014},
  author = {Bloomfield, Victor A},
  address = {Boca Raton, FL},
}

@article{Boettiger2017,
  author = {Boettiger, Carl and Eddelbuettel, Dirk},
  title = {An Introduction to {R}ocker: {D}ocker Containers for {R}},
  year = {2017},
  journal = {The R Journal},
  url = {https://journal.r-project.org/archive/2017/RJ-2017-065/},
  pages = {527--536},
  volume = {9},
}

@ARTICLE{Boker2010,
  author = {Boker, Steven and Neale, Michael and Maes, Hermine and Wilde, Michael and Spiegel, Michael and Brick, Timothy and Spies, Jeffrey and Estabrook, Ryne and Kenny, Sarah and Bates, Timothy and Mehta, Paras and Fox, John},
  title = {{OpenMx}: {A}n open source extended structural equation modeling framework},
  journal = {Psychometrika},
  year = {2011},
  volume = {66},
  pages = {306--317},
  number = {2},
  publisher = {Psychometric Society},
  url = {https://openmx.ssri.psu.edu/}
}

@MISC{Borchers2011,
  author = {Borchers, Hans W},
  title = {{pracma}: {P}ractical numerical math functions},
  year = {2019},
  note = {R package version 2.2.9},
  type = {\bibcomputersoftware},
  url = {https://CRAN.R-project.org/package=pracma}
}

@MISC{Borg2016,
  title = {{RecordLinkage}: {R}ecord Linkage in {R}},
  author = {Borg, Andreas and Sariyar, Murat},
  year = {2016},
  note = {R package version 0.4-10},
  type = {\bibcomputersoftware},
  url = {https://CRAN.R-project.org/package=RecordLinkage},
}

@BOOK{Bortz2008,
  title = {Kurzgefasste {S}tatistik f\"{u}r die {K}linische {F}orschung},
  publisher = {Springer},
  year = {2008},
  author = {Bortz, J\"{u}rgen and Lienert, Gustav A},
  address = {Heidelberg},
  edition = {3.}
}

@BOOK{Bortz2008a,
  title = {Verteilungsfreie {M}ethoden in der {B}iostatistik},
  publisher = {Springer},
  year = {2010},
  author = {Bortz, J\"{u}rgen and Lienert, Gustav A and Boehnke, Klaus},
  address = {Heidelberg},
  edition = {3.}
}

@MISC{Brilleman2021,
  title = {{simsurv}: {S}imulate Survival Data},
  author = {Brilleman, Sam},
  year = {2021},
  note = {R package version 1.0.0},
  type = {\bibcomputersoftware},
  url = {https://CRAN.R-project.org/package=simsurv},
}

@BOOK{Bronstein2008,
  title = {Springer {T}aschenbuch der {M}athematik},
  publisher = {Springer},
  year = {2012},
  author = {Bronstein, Ilja N and Semendjajew, Konstantin A},
  address = {Berlin},
  edition = {3.}
}

@MISC{Buerkner2016,
  title = {{brms}: {B}ayesian Regression Models using {S}tan},
  author = {B\"{u}rkner, Paul-Christian},
  year = {2020},
  note = {R package version 2.14.4},
  type = {\bibcomputersoftware},
  url = {https://CRAN.R-project.org/package=brms},
}

@BOOK{Buhner2004,
  title = {Einf\"{u}hrung in die {T}est- und {F}ragebogenkostruktion},
  publisher = {Pearson Studium},
  year = {2021},
  author = {B\"{u}hner, M},
  address = {M\"{u}nchen},
  edition = {4.}
}

@BOOK{Buning1994,
  title = {Nichtparametrische statistische {M}ethoden},
  publisher = {Walter de Gruyter},
  year = {1994},
  author = {B\"{u}ning, Herbert and Trenkler, G\"{o}tz},
  address = {Berlin},
  edition = {2.}
}

@MISC{Canty2009,
  author = {Canty, Angelo and Ripley, Brian D},
  title = {{boot}: {B}ootstrap {R} ({S}-{P}lus) functions},
  year = {2020},
  note = {R package version 1.3-25},
  type = {\bibcomputersoftware},
  url = {https://CRAN.R-project.org/package=boot}
}

@ARTICLE{Carpenter2015,
  author = {Carpenter, Bob and Gelman, Andrew and Lee, Daniel and Goodrich, Ben and Guo, Jiqiang and Hoffman, Matt and Betancourt, Michael and Brubaker, Marcus A and Li, Peter and Riddell, Allen},
  title = {Stan: {A} Probabilistic Programming Language},
  journal = {Journal of Statistical Software},
  year = {2017},
  volume = {76},
  pages = {1--32},
  url = {https://www.jstatsoft.org/article/view/v076i01/}
}

@MISC{Carr2009,
  author = {Carr, Dan and Lewin-Koh, Nicholas and Maechler, Martin},
  title = {{hexbin}: {H}exagonal Binning Routines},
  year = {2020},
  note = {R package version 1.28.1},
  type = {\bibcomputersoftware},
  url = {https://CRAN.R-project.org/package=hexbin}
}

@BOOK{Chambers2008,
  title = {Extending {R}},
  year = {2016},
  author = {Chambers, John M},
  publisher = {Chapman \& Hall/CRC},
  address = {Boca Raton, FL},
}

@MISC{Champely2007,
  author = {Champely, St\'{e}phane and {De Rosario}, Helios},
  title = {{pwr}: {B}asic functions for power analysis},
  year = {2020},
  note = {R package version 1.3-0},
  type = {\bibcomputersoftware},
  url = {https://CRAN.R-project.org/package=pwr}
}

@MISC{Chang2016,
  author = {Chang, Winston and Luraschi, Javier and Mastny, Timothy},
  title = {{profvis}: {I}nteractive Visualizations for Profiling {R} Code},
  year = {2023},
  note = {R package version 0.3.8},
  type = {\bibcomputersoftware},
  url = {https://CRAN.R-project.org/package=profvis}
}

@BOOK{Chang2013,
  title = {R {G}raphics {C}ookbook},
  publisher = {O'Reilly},
  year = {2018},
  author = {Chang, Winston},
  address = {Sebastopol, CA},
  url = {https://r-graphics.org/},
  edition = {2.}
}

@BOOK{Chernik2008,
  title = {Bootstrap methods: {A} guide for practitioners and researchers},
  publisher = {Wiley},
  year = {2008},
  author = {Chernik, Michael R},
  address = {Hoboken, NJ},
  edition = {2.}
}

@BOOK{Chernik2011,
  title = {An introduction to bootstrap methods with applications to {R}},
  publisher = {Wiley},
  year = {2011},
  author = {Chernik, Michael R and {LaBudde}, Robert A},
  address = {Hoboken, NJ}
}

@BOOK{Chihara2011,
  title = {Mathematical statistics with resampling and {R}},
  publisher = {Wiley},
  year = {2022},
  author = {Chihara, Laura and Hesterberg, Tim},
  address = {Hoboken, NJ},
  edition = {3.},
  url = {https://github.com/lchihara/MathStatsResamplingR}
}

@MISC{Christensen2012,
  title = {{ordinal}: {R}egression models for ordinal data},
  author = {Christensen, Rune Haubo B},
  year = {2019},
  note = {R package version 2019.12-10},
  type = {\bibcomputersoftware},
  url = {https://CRAN.R-project.org/package=ordinal}
}

@BOOK{Christensen2020,
  author = {Christensen, Ronald},
  title = {Plane answers to complex questions: {T}he theory of linear models},
  edition = {5.},
  year = {2020},
  publisher = {Springer},
  address = {New York, NY}
}

@MISC{CircleSystems2014,
  author = {{Circle Systems}},
  title = {Stat/{T}ransfer},
  year = {2019},
  note = {Version 15},
  organization = {Circle Systems},
  type = {\bibcomputersoftware},
  url = {https://www.stattransfer.com/}
}

@MISC{Clarke2017,
  title = {{ggbeeswarm}: {C}ategorical Scatter (Violin Point) Plots},
  author = {Clarke, Erik and Sherrill-Mix, Scott},
  year = {2017},
  note = {R package version 0.6.0},
  type = {\bibcomputersoftware},
  url = {https://CRAN.R-project.org/package=ggbeeswarm},
}

@BOOK{Cleveland1993,
  title = {Visualizing {D}ata},
  author = {Cleveland, William S},
  publisher = {Hobart Press},
  year = {1993},
  address = {Summit, NJ}
}

@MISC{Cowlishaw2008,
  author = {Cowlishaw, Michael F},
  title = {Decimal arithmetic {FAQ} {P}art 1: general questions},
  year = {2008},
  date = {2009-01-20},
  organization = {IBM Corporation},
  url = {http://speleotrove.com/decimal/decifaq1.html}
}

@MISC{CRANtvBayes,
    author = {Park, Jong Hee},
    note = {Version 2020-12-07},
    title = {{CRAN} Task View: {B}ayesian Inference},
    year = {2020},
    url = {https://CRAN.R-project.org/view=Bayesian}
}

@MISC{CRANtvClinical,
    author = {Zhang, Ed and Zhang, W G and Zhang, R G},
    note = {Version 2021-12-29},
    title = {{CRAN} Task View: {C}linical Trial Design, Monitoring, and Analysis},
    year = {2021},
    url = {https://CRAN.R-project.org/view=ClinicalTrials}
}

@MISC{CRANtvCluster,
    author = {Leisch, Friedrich and Gruen, Bettina},
    note = {Version 2020-01-17},
    title = {{CRAN} Task View: {C}luster Analysis \& Finite Mixture Models},
    year = {2020},
    url = {https://CRAN.R-project.org/view=Cluster}
}

@MISC{CRANtvDatabase,
    author = {Tang, Yuan and Balamuta, James Joseph},
    note = {Version 2023-02-23},
    title = {{CRAN} Task View: {D}atabases with {R}},
    year = {2023},
    url = {https://CRAN.R-project.org/view=DifferentialEquations}
}

@MISC{CRANtvDiffEq,
    author = {Soetaert, Karline and Petzoldt, Thomas},
    note = {Version 2020-01-12},
    title = {{CRAN} Task View: {D}ifferential Equations},
    year = {2020},
    url = {https://CRAN.R-project.org/view=DifferentialEquations}
}

@MISC{CRANtvDynamic,
    author = {Zhang, Sherry and Cook, Dianne},
    note = {Version 2024-09-25},
    title = {{CRAN} Task View: {D}ynamic Visualizations and Interactive Graphics},
    year = {2024},
    url = {https://CRAN.R-project.org/view=DynamicVisualizations}
}

@MISC{CRANtvEpi,
    author = {Jombart, Thibaut and Rolland, Matthieu and Gruson, Hugo},
    note = {Version 2024-06-20},
    title = {{CRAN} Task View: {E}pidemiology},
    year = {2024},
    url = {https://CRAN.R-project.org/view=Epidemiology}
}

@MISC{CRANtvHPC,
    author = {Eddelbuettel, Dirk},
    note = {Version 2020-01-17},
    title = {{CRAN} Task View: {H}igh-Performance and Parallel Computing with {R}},
    year = {2020},
    url = {https://CRAN.R-project.org/view=HighPerformanceComputing}
}

@MISC{CRANtvMultivariate,
    author = {Hewson, Paul},
    note = {Version 2020-03-04},
    title = {{CRAN} Task View: {M}ultivariate Statistics},
    year = {2020},
    url = {https://CRAN.R-project.org/view=Multivariate}
}

@MISC{CRANtvMixed,
    author = {Bolker, Ben and Piaskowski, Julia and Tanaka, Emi and Alday, Phillip and Viechtbauer, Wolfgang},
    note = {Version 2024-05-08},
    title = {{CRAN} Task View: {M}ixed, Multilevel, and Hierarchical Models in {R}},
    year = {2024},
    url = {https://CRAN.R-project.org/view=MixedModels}
}

@MISC{CRANtvMachine,
    author = {Hothorn, Torsten},
    note = {Version 2020-01-30},
    title = {{CRAN} Task View: {M}achine Learning \& Statistical Learning},
    year = {2020},
    url = {https://CRAN.R-project.org/view=MachineLearning}
}

@MISC{CRANtvNumerical,
    author = {Borchers, Hans W},
    note = {Version 2020-01-17},
    title = {{CRAN} Task View: {N}umerical Mathematics},
    year = {2019},
    url = {https://CRAN.R-project.org/view=NumericalMathematics}
}

@MISC{CRANtvOffStat,
    author = {Templ, Matthias},
    note = {Version 2020-12-20},
    title = {{CRAN} Task View: {O}fficial Statistics \& Survey Methodology},
    year = {2020},
    url = {https://CRAN.R-project.org/view=OfficialStatistics}
}

@MISC{CRANtvOptim,
    author = {Schwendinger, Florian and Borchers, Hans W},
    note = {Version 2024-07-05},
    title = {{CRAN} Task View: {O}ptimization and Mathematical Programming},
    year = {2019},
    url = {https://CRAN.R-project.org/view=Optimization}
}

@MISC{CRANtvProbDistr,
    author = {Dutang, Christophe and Kiener, Patrice},
    note = {Version 2020-01-26},
    title = {{CRAN} Task View: {P}robability Distributions},
    year = {2020},
    url = {https://CRAN.R-project.org/view=Distributions}
}

@MISC{CRANtvPsych,
    author = {Mair, Patrick},
    note = {Version 2020-11-15},
    title = {{CRAN} Task View: {P}sychometric Models and Methods},
    year = {20120},
    url = {https://CRAN.R-project.org/view=Psychometrics}
}

@MISC{CRANtvReprRer,
    author = {Blischak, John and Hill, Alison},
    note = {Version 2020-12-16},
    title = {{CRAN} Task View: {R}eproducible Research},
    year = {2020},
    url = {https://CRAN.R-project.org/view=ReproducibleResearch}
}

@MISC{CRANtvRobust,
    author = {Maechler, Martin},
    note = {Version 2020-03-11},
    title = {{CRAN} Task View: {R}obust Statistical Methods},
    year = {2020},
    url = {https://CRAN.R-project.org/view=Robust}
}

@MISC{CRANtvSurvival,
    author = {Allignol, Arthur and Latouche, Aurelien},
    note = {Version 2020-03-14},
    title = {{CRAN} Task View: {S}urvival Analysis},
    year = {2020},
    url = {https://CRAN.R-project.org/view=Survival}
}

@MISC{CRANtvTimeSeries,
    author = {Hyndman, Rob J},
    note = {Version 2020-12-20},
    title = {{CRAN} Task View: {T}ime Series Analysis},
    year = {2020},
    url = {https://CRAN.R-project.org/view=TimeSeries}
}

@MISC{CRANtvWebTech,
    author = {Chamberlain, Scott and Leeper, Thomas and Mair, Patrick and Ram, Karthik and Gandrud, Christopher},
    note = {Version 2020-11-12},
    title = {{CRAN} Task View: {W}eb Technologies and Services},
    year = {2020},
    url = {https://CRAN.R-project.org/view=WebTechnologies}
}

@Article{CribariNeto2010,
    title = {Beta Regression in {R}},
    author = {{Cribari-Neto}, Francisco and Zeileis, Achim},
    journal = {Journal of Statistical Software},
    year = {2010},
    volume = {34},
    number = {2},
    pages = {1--24},
    doi = {10.18637/jss.v034.i02},
}

@MISC{Croissant2011,
  author = {Croissant, Yves},
  title = {{mlogit}: {M}ultinomial logit model},
  year = {2020},
  note = {R package version 1.1-1},
  type = {\bibcomputersoftware},
  url = {https://CRAN.R-project.org/package=mlogit}
}

@MISC{Csardi2024,
  title = {{pak}: {A}nother Approach to Package Installation},
  author = {Cs\'{a}rdi, G\'{a}bor and Hester, Jim},
  year = {2024},
  note = {R package version 0.7.2},
  type = {\bibcomputersoftware},
  url = {https://CRAN.R-project.org/package=pak},
}

@BOOK{Dalgaard2008,
  title = {Introductory {S}tatistics with {R}},
  publisher = {Springer},
  year = {2008},
  author = {Dalgaard, Peter},
  address = {London, UK},
  edition = {2.},
  url = {http://publicifsv.sund.ku.dk/~pd/ISwR.html}
}

@ARTICLE{Dalgaard2007,
  author = {Dalgaard, Peter},
  title = {New functions for multivariate analysis},
  journal = {R News},
  year = {2007},
  volume = {7},
  pages = {2--7},
  number = {2},
  url = {https://CRAN.R-project.org/doc/Rnews/}
}

@BOOK{Davison1997,
  title = {Bootstrap methods and their applications},
  publisher = {Cambridge University Press},
  year = {1997},
  author = {Davison, Anthony C and Hinkley, David V},
  address = {Cambridge, UK}
}

@MISC{DeCock2024,
  author = {{De Cock}, Bavo and Nieboer, Daan and {Van Calster}, Ben and Steyerberg, Ewout and Vergouwe, Yvonne},
  title = {{CalibrationCurves}: {C}alibration Performance},
  year = {2024},
  note = {R package version 2.0.3},
  type = {\bibcomputersoftware},
  url = {https://CRAN.R-project.org/package=CalibrationCurves}
}

@ARTICLE{Delignette2015,
  title = {{fitdistrplus}: {A}n {R} Package for Fitting Distributions},
  author = {Delignette-Muller, Marie Laure and Dutang, Christophe},
  journal = {Journal of Statistical Software},
  year = {2015},
  volume = {64},
  number = {4},
  pages = {1--34},
  url = {https://www.jstatsoft.org/v64/i04/},
}

@MISC{DeRosarioMartinez2013,
  title = {{phia}: {P}ost-Hoc Interaction Analysis},
  author = {{De Rosario-Martinez}, Helios},
  year = {2015},
  note = {R package version 0.2-1},
  type = {\bibcomputersoftware},
  url = {https://CRAN.R-project.org/package=phia},
}

@MISC{Dowle2014,
  title = {{data.table}: {E}xtension of data.frame},
  author = {Dowle, Matt and Srinivasan, Arun},
  year = {2020},
  note = {R package version 1.13.6},
  type = {\bibcomputersoftware},
  url = {https://CRAN.R-project.org/package=data.table},
}

@BOOK{Duchateau2007,
  title = {The frailty model},
  publisher = {Springer},
  year = {2008},
  author = {Duchateau, Luc and Janssen, Paul},
  address = {New York, NY},
}

@BOOK{Duller2008,
  title = {Einf\"{u}hrung in die nichtparametrische {S}tatistik mit {SAS} und {R}},
  publisher = {Physica},
  year = {2008},
  author = {Duller, Christine},
  address = {Heidelberg}
}

@BOOK{Eddelbuettel2013,
  title = {Seamless {R} and {C}++ integration with {R}cpp},
  publisher = {Springer},
  year = {2013},
  author = {Eddelbuettel, Dirk},
  address = {New York, NY},
  url = {http://www.rcpp.org/}
}

@BOOK{Eid2010,
  title = {Statistik und {F}orschungsmethoden},
  publisher = {Beltz},
  year = {2017},
  author = {Eid, Michael and Gollwitzer, Mario and Schmitt, Manfred},
  address = {Weinheim},
  edition = {5.}
}

@MISC{Eklund2016,
  title = {{beeswarm}: {T}he Bee Swarm Plot, an Alternative to Stripchart},
  author = {Eklund, Aron},
  year = {2016},
  note = {R package version 0.2.3},
  type = {\bibcomputersoftware},
  url = {https://CRAN.R-project.org/package=beeswarm},
}

@ARTICLE{Efron1983,
  author = {Efron, Bradley},
  title = {Estimating the error rate of a prediction rule: {S}ome improvements on cross-validation},
  journal = {Journal of the American Statistical Association},
  year = {1983},
  volume = {78},
  number = {382},
  pages = {316--331},
}

@ARTICLE{Efron1997,
  author = {Efron, Bradley and Tibshirani, Robert},
  title = {Improvements on cross-validation: {T}he {.632+} bootstrap method},
  journal = {Journal of the American Statistical Association},
  year = {1997},
  volume = {92},
  number = {438},
  pages = {548--560},
}

@MISC{Enamorado2018,
  title = {{fastLink}: {F}ast Probabilistic Record Linkage with Missing Data},
  author = {Enamorado, Ted and Fifield, Ben and Imai, Kosuke},
  year = {2018},
  note = {R package version 0.5.0},
  type = {\bibcomputersoftware},
  url = {https://CRAN.R-project.org/package=fastLink},
}

@MISC{Everitt2011,
  author = {Hothorn, Torsten and Everitt, Brian S},
  title = {{HSAUR3}: {A} handbook of statistical analyses using {R} (3rd edition)},
  year = {2020},
  note = {R package version 1.0-10},
  type = {\bibcomputersoftware},
  url = {https://CRAN.R-project.org/package=HSAUR3}
}

@BOOK{Everitt2011b,
  title = {An introduction to applied multivariate analysis with {R}},
  publisher = {Springer},
  year = {2011},
  author = {Everitt, Brian S and Hothorn, Torsten},
  address = {New York, NY}
}

@BOOK{Everitt2006,
  title = {A handbook of statistical analysis using {R}},
  publisher = {Chapman \& Hall/CRC},
  year = {2014},
  author = {Hothorn, Torsten and Everitt, Brian S},
  address = {Boca Raton, FL},
  edition = {3.}
}

@BOOK{Fagerland2017,
  title = {Statistical Analysis of Contingency Tables},
  publisher = {Chapman \& Hall/CRC},
  year = {2017},
  author = {Fagerland, Morten W and Lydersen, Stian and Laake, Petter},
  address = {Boca Raton, FL},
  url = {https://contingencytables.com/}
}

@MISC{Fagerland2024,
  author = {Fagerland, Morten Wang},
  title = {{contingencytables}: {S}tatistical Analysis of Contingency Tables},
  year = {2024},
  note = {R package version 3.0.0},
  type = {\bibcomputersoftware},
  url = {https://CRAN.R-project.org/package=contingencytables}
}

@BOOK{Faraway2004,
  title = {Linear models with {R}},
  publisher = {Chapman \& Hall/CRC},
  year = {2014},
  author = {Faraway, Julian J},
  address = {Boca Raton, FL},
  edition = {2.},
  url = {https://julianfaraway.github.io/faraway/LMR/}
}

@BOOK{Faraway2006,
  title = {Extending the linear model with {R}: {G}eneralized linear, mixed effects and nonparametric regression models},
  publisher = {Chapman \& Hall/CRC},
  year = {2016},
  author = {Faraway, Julian J},
  address = {Boca Raton, FL},
  edition = {2.},
  url = {https://julianfaraway.github.io/faraway/ELM/}
}

@ARTICLE{Faul2009,
  author = {Faul, Franz and Erdfelder, Edgar and Buchner, Axel and Lang, Albert-Georg},
  title = {Statistical power analyses using {G*Power} 3.1: {T}ests for correlation and regression analyses},
  journal = {Behavior Research Methods},
  year = {2009},
  volume = {41},
  pages = {1149--1160},
  number = {4},
  url = {http://www.gpower.hhu.de/}
}

@ARTICLE{Faul2007,
  author = {Faul, Franz and Erdfelder, Edgar and Lang, Albert-Georg and Buchner, Axel},
  title = {G*{P}ower 3: {A} flexible statistical power analysis program for the social, behavioral, and biomedical sciences},
  journal = {Behavior Research Methods},
  year = {2007},
  volume = {39},
  pages = {175--191},
  number = {2},
  url = {https://www.gpower.hhu.de/}
}

@MISC{Fay2024,
  author = {Fay, Michael P},
  title = {{exact2x2}: {E}xact Tests and Confidence Intervals for 2x2 Tables},
  year = {2020},
  note = {R package version 1.6.9},
  type = {\bibcomputersoftware},
  url = {https://CRAN.R-project.org/package=exact2x2}
}

@MISC{Fellows2010,
  author = {Fellows, Ian},
  title = {Deducer},
  year = {2015},
  note = {R package version 0.7-9},
  type = {\bibcomputersoftware},
  url = {https://CRAN.R-project.org/package=Deducer}
}

@MISC{Filzmoser2011a,
  author = {Filzmoser, Peter and Fritz, Heinrich and Kalcher, Klaudius},
  title = {{pcaPP}: {R}obust {PCA} by projection pursuit},
  year = {2018},
  note = {R package version 1.9-73},
  type = {\bibcomputersoftware},
  url = {https://CRAN.R-project.org/package=pcaPP}
}

@MISC{Filzmoser2011b,
  author = {Filzmoser, Peter and Gschwandtner, Moritz},
  title = {{mvoutlier}: {M}ultivariate outlier detection based on robust methods},
  year = {2018},
  note = {R package version 2.0.9},
  type = {\bibcomputersoftware},
  url = {https://CRAN.R-project.org/package=mvoutlier}
}

@MISC{Finley2024,
  author = {Finley, Andrew and Banerjee, Sudipto and Hjelle, {\O}yvind},
  title = {{MBA}: {M}ultilevel {B}-Spline Approximation},
  year = {2024},
  note = {R package version 1.1-6},
  type = {\bibcomputersoftware},
  url = {https://CRAN.R-project.org/package=MBA}
}

@BOOK{Fischer2008,
  title = {Lineare {A}lgebra: {E}ine {E}inführung für {S}tudienanfänger},
  publisher = {Springer Spektrum},
  year = {2020},
  author = {Fischer, Gerd and Springborn, Boris},
  address = {Wiesbaden},
  edition = {19.}
}

@BOOK{Fieller2017,
  title = {Basics of Matrix Algebra for Statistics with {R}},
  publisher = {Chapman \& Hall/CRC},
  year = {2017},
  author = {Fieller, Nick},
  address = {Boca Raton, FL},
}

@MISC{Fox2010,
  author = {Fox, John},
  title = {{polycor}: {P}olychoric and polyserial correlations},
  year = {2019},
  note = {R package version 0.7-10},
  type = {\bibcomputersoftware},
  url = {https://CRAN.R-project.org/package=polycor}
}

@BOOK{Fox2017,
  title = {Using the {R} commander: {A} Point-and-Click Interface for {R}},
  publisher = {Chapman \& Hall/CRC},
  year = {2017},
  author = {Fox, John},
  address = {Boca Raton, FL},
}

@ARTICLE{Fox2005,
  author = {Fox, John},
  title = {The {R} {C}ommander: {A} basic-statistics graphical user interface to {R}},
  journal = {Journal of Statistical Software},
  year = {2005},
  volume = {14},
  pages = {1--42},
  number = {9},
  url = {https://www.jstatsoft.org/v14/i09/}
}

@ARTICLE{Fox2003,
  author = {Fox, John},
  title = {Effect displays in {R} for generalised linear models},
  journal = {Journal of Statistical Software},
  year = {2003},
  volume = {8},
  pages = {1--27},
  number = {15},
  url = {https://www.jstatsoft.org/v08/i15/}
}

@MISC{Fox2009b,
  author = {Fox, John and Nie, Zhenghua and Byrnes, Jarrett},
  title = {{sem}: {S}tructural equation models},
  year = {2020},
  note = {R package version 3.1-11},
  type = {\bibcomputersoftware},
  url = {https://CRAN.R-project.org/package=sem}
}

@MISC{Fox2009,
  author = {Fox, John and Weisberg, Sanford},
  title = {{car}: {C}ompanion to applied regression},
  year = {2020},
  note = {R package version 3.0-10},
  type = {\bibcomputersoftware},
  url = {https://CRAN.R-project.org/package=car}
}

@MISC{Fox2019,
  author = {Fox, John and Weisberg, Sanford and Price, Brad},
  title = {{carData}: {C}ompanion to applied regression data sets},
  year = {2020},
  note = {R package version 3.0-4},
  type = {\bibcomputersoftware},
  url = {https://CRAN.R-project.org/package=carData}
}

@BOOK{Fox2002,
  title = {An {R} {C}ompanion to applied regression},
  publisher = {Sage},
  year = {2019},
  author = {Fox, John and Weisberg, Sanford},
  address = {Thousand Oaks, CA},
  edition = {3.},
  url = {https://www.john-fox.ca/Companion/}
}

@ARTICLE{Fox2013,
  author = {Fox, John and Friendly, Michael and Weisberg, Sanford},
  title = {Hypothesis Tests for Multivariate Linear Models Using the car Package},
  journal = {The R Journal},
  year = {2013},
  volume = {5},
  pages = {39--52},
  number = {1},
  url = {https://journal.r-project.org/archive/2013-1/}
}

@MISC{Fox2024,
  author = {Fox, John and Monette, G},
  title = {{cv}: {C}ross-Validating Regression Models},
  year = {2024},
  note = {R package version 2.0.0},
  type = {\bibcomputersoftware},
  url = {https://CRAN.R-project.org/package=cv}
}

@MISC{Frick2024,
  author = {Frick, Hannah and Chow, Fanny and Kuhn, Max and Mahone, Michael and Silge, Julia and Wickham, Hadley},
  title = {{rsample}: {G}eneral Resampling Infrastructure},
  year = {2024},
  note = {R package version 1.2.1},
  type = {\bibcomputersoftware},
  url = {https://CRAN.R-project.org/package=rsample}
}

@BOOK{Friedl2006,
  title = {Mastering regular expressions},
  publisher = {O'Reilly},
  year = {2006},
  author = {Friedl, Jeffrey E F},
  address = {Sebastopol, CA},
  edition = {3.},
  url = {http://regex.info/}
}

@ARTICLE{Friedman2010,
  author = {Friedman, Jerome and Hastie, Trevor and Tibshirani, Robert},
  title = {Regularization paths for generalized linear models via coordinate descent},
  journal = {Journal of Statistical Software},
  year = {2010},
  volume = {33},
  pages = {1--22},
  number = {1},
  url = {https://www.jstatsoft.org/v33/i01/}
}

@MISC{Friedrichsmeier2008,
  author = {Friedrichsmeier, Thomas and Ecochard, Pierre and {d'Hardemare}, Adrien},
  title = {{RKWard} data analysis tool},
  year = {2024},
  note = {Version 0.8.0},
  type = {\bibcomputersoftware},
  url = {https://rkward.kde.org/}
}

@MISC{Gabry2016,
  title = {{rstanarm}: {B}ayesian Applied Regression Modeling via {S}tan},
  author = {Gabry, Jonah and Goodrich, Ben},
  year = {2020},
  note = {R package version 2.21.1},
  type = {\bibcomputersoftware},
  url = {https://CRAN.R-project.org/package=rstanarm},
}

@BOOK{Galecki2013,
  title = {Linear mixed-effects models using {R}: {A} step-by-step approach},
  publisher = {Springer},
  year = {2013},
  author = {Ga\l{}ecki, Andrzej T and Burzykowski, Tomasz},
  address = {New York, NY}
}

@BOOK{Gandrud2014,
  title = {Reproducible Research with {R} \& {RStudio}},
  publisher = {Chapman \& Hall/CRC},
  year = {2020},
  edition = {3.},
  author = {Gandrud, Christopher},
  address = {Boca Raton, FL},
  url = {https://github.com/christophergandrud/Rep-Res-Book}
}

@MISC{Garnier2016,
  title = {{viridis}: {D}efault Color Maps from `matplotlib'},
  author = {Garnier, Simon},
  year = {2018},
  note = {R package version 0.5.1},
  type = {\bibcomputersoftware},
  url = {https://CRAN.R-project.org/package=viridis},
}

@MISC{Gebhardt2024,
  author = {Gebhardt, Albrecht and Bivand, Roger and Sinclair, David},
  title = {{interp}: {I}nterpolation Methods},
  year = {2024},
  note = {R package version 1.1-6},
  type = {\bibcomputersoftware},
  url = {https://CRAN.R-project.org/package=interp}
}

@BOOK{Gelman2013,
  title = {Bayesian Data Analysis},
  publisher = {Chapman Hall/CRC},
  year = {2013},
  author = {Gelman, Andrew and Carlin, John B and Stern, Hal S and Dunson, David B and Vehtari, Aki and Rubin, Donald B},
  address = {Boca Raton, FL},
  edition = {3.},
  url = {https://stat.columbia.edu/~gelman/book/}
}

@BOOK{Gelman2020,
  title = {Regression and other stories},
  publisher = {Cambridge University Press},
  year = {2020},
  author = {Gelman, Andrew and Hill, Jennifer and Vehtari, Aki},
  address = {Cambridge, UK},
  url = {https://avehtari.github.io/ROS-Examples/}
}

@ARTICLE{Gentleman2004,
  author = {Gentleman, Robert C and Carey, Vincent J and Bates, Douglas M and Bolstad, Ben and Dettling, Marcel and Dudoit, Sandrine and Ellis, Byron and Gautier, Laurent and Ge, Yongchao and Gentry, Jeff and Hornik, Kurt and Hothorn, Torsten and Huber, Wolfgang and Iacus, Stefano and Irizarry, Rafael and Leisch, Friedrich and Li, Cheng and Maechler, Martin and Rossini, Anthony J and Sawitzki, Gunther and Smith, Colin and Smyth, Gordon and Tierney, Luke and Yang, Jean YH and Zhang, Jianhua},
  title = {Bioconductor: {O}pen software development for computational biology and bioinformatics},
  journal = {Genome Biology},
  year = {2004},
  volume = {5},
  pages = {R80},
  url = {https://genomebiology.biomedcentral.com/articles/10.1186/gb-2004-5-10-r80}
}

@BOOK{Genz2009b,
  title = {Computation of multivariate normal and t probabilities. {L}ecture notes in statistics {V}ol.\ 195},
  publisher = {Springer},
  year = {2009},
  author = {Genz, Alan and Bretz, Frank},
  address = {Heidelberg}
}

@MISC{Genz2009,
  author = {Genz, Alan and Bretz, Frank and Miwa, Tetsuhisa and Mi, Xuefei and Hothorn, Torsten},
  title = {{mvtnorm}: {M}ultivariate normal and t distributions},
  year = {2020},
  note = {R package version 1.1-1},
  type = {\bibcomputersoftware},
  url = {https://CRAN.R-project.org/package=mvtnorm}
}

@ARTICLE{Gesmann2011,
  title = {{googleVis}: {I}nterface between {R} and the {G}oogle visualisation {API}},
  author = {Gesmann, Markus and {de Castillo}, Diego},
  journal = {The R Journal},
  year = {2011},
  volume = {3},
  number = {2},
  pages = {40--44},
  url = {https://journal.r-project.org/archive/2011-2/},
}

@MISC{Gilbert2015,
  title = {{numDeriv}: {A}ccurate Numerical Derivatives},
  author = {Gilbert, Paul and Varadhan, Ravi},
  year = {2019},
  note = {R package version 2016.8-1.1},
  type = {\bibcomputersoftware},
  url = {https://CRAN.R-project.org/package=numDeriv},
}

@BOOK{Gillespie2017,
  title = {Efficient {R} programming},
  publisher = {O'Reilly},
  year = {2017},
  author = {Gillespie, Colin and Lovelace, Robin},
  address = {Sebastopol, CA},
  url = {https://csgillespie.github.io/efficientR/}
}

@MISC{Glynn2005,
  author = {{R Coder}},
  title = {R charts: {C}olors in {R}},
  year = {2024},
  date = {2024-09-24},
  organization = {R Coder},
  url = {https://r-charts.com/colors/}
}

@MISC{Gohel2019,
    title = {{flextable}: {F}unctions for Tabular Reporting},
    author = {Gohel, David},
    year = {2020},
    note = {R package version 0.5.9},
    type = {\bibcomputersoftware},
    url = {https://CRAN.R-project.org/package=flextable},
}

@MISC{Goldfeld2024,
    title = {{simstudy}: {S}imulation of Study Data},
    author = {Goldfeld, Keith and {Wujciak-Jens}, Jacob},
    year = {2024},
    note = {R package version 0.8.1},
    type = {\bibcomputersoftware},
    url = {https://CRAN.R-project.org/package=simstudy},
}

@ARTICLE{Goldberg1991,
  author = {Goldberg, David},
  title = {What every computer scientist should know about floating-point arithmetic},
  journal = {ACM Computing Surveys},
  year = {1991},
  volume = {23},
  pages = {5--48},
  number = {1},
  url = {https://www.validlab.com/goldberg/paper.pdf}
}

@BOOK{Good2004,
  title = {Permutation, parametric, and bootstrap tests of hypotheses},
  publisher = {Springer},
  year = {2004},
  author = {Good, Philip I},
  address = {New York, NY},
  edition = {3.}
}

@MISC{Goulet2010,
  author = {Goulet, Vincent and Dutang, Christophe and Maechler, Martin and Firth, David and Shapira, Marina and Stadelmann, Michael},
  title = {{expm}: {M}atrix exponential},
  year = {2020},
  note = {R package version 0.999-5},
  type = {\bibcomputersoftware},
  url = {https://CRAN.R-project.org/package=expm}
}

@MISC{GowerPage2024,
    title = {{diffdf}: {D}ataframe Difference Tool},
    author = {{Gower-Page}, Craig and Martin, Kieran},
    year = {2024},
    note = {R package version 1.1.1},
    type = {\bibcomputersoftware},
    url = {https://CRAN.R-project.org/package=diffdf},
}

@BOOK{Goyvaerts2012,
  author = {Goyvaerts, Jan and Levithan, Steven},
  title = {Regular Expressions Cookbook},
  year = {2012},
  publisher = {O'Reilly},
  address = {Sebastopol, CA},
  url = {https://www.regular-expressions.info/}
}

@MISC{Graves2012,
  author = {Graves, Spencer and {Dorai-Raj}, Sundar and Francois, Romain},
  title = {{sos}: {S}earch contributed {R} packages, sort by package},
  year = {2013},
  note = {R package version 1.3-8},
  type = {\bibcomputersoftware},
  url = {https://CRAN.R-project.org/package=sos}
}

@ARTICLE{Grolemund2011,
  author = {Grolemund, Garrett and Wickham, Hadley},
  title = {Dates and times made easy with lubridate},
  journal = {Journal of Statistical Software},
  year = {2011},
  volume = {40},
  pages = {1--25},
  number = {3},
  url = {https://www.jstatsoft.org/v40/i03/}
}

@MISC{Gross2015,
  author = {Gross, J and Ligges, U},
  title = {{nortest}: {T}ests for normality},
  year = {2015},
  note = {R package version 1.0-4},
  type = {\bibcomputersoftware},
  url = {https://CRAN.R-project.org/package=nortest}
}

@ARTICLE{Grothendieck2004,
  author = {Grothendieck, Gabor and Petzoldt, Thomas},
  title = {Date and time classes in {R}},
  journal = {R News},
  year = {2004},
  volume = {4},
  pages = {29--32},
  number = {1},
  url = {https://CRAN.R-project.org/doc/Rnews/}
}

@Article{Grun2010,
    title = {Extended Beta Regression in {R}: {S}haken, Stirred, Mixed, and Partitioned},
    author = {Gr\"{u}n, Bettina and Kosmidis, Ioannis and Zeileis, Achim},
    journal = {Journal of Statistical Software},
    year = {2012},
    volume = {48},
    number = {11},
    pages = {1--25},
    doi = {10.18637/jss.v048.i11},
}

@ARTICLE{Grun2008,
  author = {Gr\"{u}n, Bettina and Leisch, Friedrich},
  title = {{FlexMix} Version 2: {F}inite mixtures with concomitant variables and varying and constant parameters},
  journal = {Journal of Statistical Software},
  year = {2008},
  volume = {28},
  pages = {1--35},
  number = {4},
  url = {https://www.jstatsoft.org/v28/i04/}
}

@MISC{Hartig2022,
  author = {Hartig, Florian},
  title = {{DHARMa}: {R}esidual Diagnostics for Hierarchical (Multi-Level / Mixed) Regression Models},
  year = {2022},
  note = {R package version 0.4.6},
  type = {\bibcomputersoftware},
  url = {https://CRAN.R-project.org/package=DHARMa}
}

@MISC{Halekoh2012,
  author = {Halekoh, Ulrich and H{\o}jsgaard, S{\o}ren},
  title = {{pbkrtest}: {P}arametric bootstrap and {K}enward {R}oger based methods for mixed model comparison},
  year = {2020},
  note = {R package version 0.5-0.1},
  type = {\bibcomputersoftware},
  url = {https://CRAN.R-project.org/package=pbkrtest}
}

@MISC{HarrellJr2008a,
  author = {{Harrell Jr}, Frank E},
  title = {Hmisc: {H}arrell miscellaneous},
  year = {2020},
  note = {R package version 4.4-2},
  type = {\bibcomputersoftware},
  url = {https://CRAN.R-project.org/package=Hmisc}
}

@MISC{HarrellJr2009,
  author = {{Harrell Jr}, Frank E},
  title = {{rms}: {R}egression modeling strategies},
  year = {2020},
  note = {R package version 6.1-0},
  type = {\bibcomputersoftware},
  url = {https://CRAN.R-project.org/package=rms}
}

@BOOK{HarrellJr2001,
  title = {Regression modeling strategies},
  publisher = {Springer},
  year = {2015},
  author = {{Harrell Jr}, Frank E},
  address = {New York, NY},
  edition = {2.},
  url = {https://hbiostat.org/doc/rms/book/}
}

@BOOK{Harrer2021,
  title = {Doing Meta-Analysis with {R}: {A} Hands-On Guide},
  publisher = {Chapman Hall/CRC},
  year = {2021},
  author = {Harrer, Mathias and Cuijpers, Pim and Furukawa, Toshi and Ebert, David},
  address = {Boca Raton, FL},
  url = {https://bookdown.org/MathiasHarrer/Doing_Meta_Analysis_in_R/}
}

@BOOK{Hastie2009,
  title = {The elements of statistical learning: {D}ata mining, inference, and prediction},
  publisher = {Springer},
  year = {2009},
  author = {Hastie, Trevor and Tibshirani, Robert and Friedman, Jerome},
  address = {New York, NY},
  edition = {2.},
  url = {https://hastie.su.domains/ElemStatLearn/}
}

@BOOK{Heiberger2009,
  title = {R through {Excel}},
  publisher = {Springer},
  year = {2009},
  author = {Heiberger, Richard M and Neuwirth, Erich},
  address = {New York, NY}
}

@MISC{Heinze2013a,
  title = {{logistf}: {F}irth's bias reduced logistic regression},
  author = {Heinze, Georg and Ploner, Meinhard},
  year = {2020},
  note = {R package version 1.24},
  type = {\bibcomputersoftware},
  url = {https://CRAN.R-project.org/package=logistf},
}

@MISC{Hendrickx2008,
  author = {Hendrickx, John},
  title = {{perturb}: {T}ools for evaluating collinearity},
  year = {2019},
  note = {R package version 2.10},
  type = {\bibcomputersoftware},
  url = {https://CRAN.R-project.org/package=perturb}
}

@ARTICLE{Herr1986,
  author = {Herr, David G},
  title = {On the History of {ANOVA} in Unbalanced, Factorial Designs: {T}he First 30 Years},
  journal = {American Statistician},
  year = {1986},
  volume = {40},
  pages = {265--270},
  number = {4},
}

@MISC{Hester2018,
    title = {{odbc}: {C}onnect to {ODBC} Compatible Databases (using the {DBI} Interface)},
    author = {Hester, Jim and Wickham, Hadley},
    year = {2020},
    note = {R package version 1.2.2},
    type = {\bibcomputersoftware},
    url = {https://CRAN.R-project.org/package=odbc},
}

@MISC{Hester2019,
    title = {{remotes}: {R} Package Installation from Remote Repositories, Including `{GitHub}'},
    author = {Hester, J and Cs\'{a}rdi, G and Wickham, H and Chang, W and Morgan, M and Tenenbaum, D},
    year = {2020},
    note = {R package version 2.2.0},
    type = {\bibcomputersoftware},
    url = {https://CRAN.R-project.org/package=remotes},
}

@MISC{Hester2019b,
  title = {{bench}: {H}igh precision timing of {R} expressions},
  author = {Hester, J},
  year = {2020},
  note = {R package version 1.1.1},
  type = {\bibcomputersoftware},
  url = {https://CRAN.R-project.org/package=bench},
}

@MISC{Hesterberg2014,
  title = {{resample}: {R}esampling functions},
  author = {Hesterberg, Tim},
  year = {2015},
  note = {R package version 0.4},
  type = {\bibcomputersoftware},
  url = {https://CRAN.R-project.org/package=resample},
}

@MISC{Koenker2024,
  title = {{quantreg}: {Q}uantile Regression},
  author = {Koenker, R and Portnoy, S and Tian, P and Melly, B and Zeileis, A and Grosjean, P and Moler, C and Saad, Y and Chernozhukov, V and {Fernandez-Val}, I and Ripley BD},
  year = {2024},
  type = {\bibcomputersoftware},
  note = {R package version 5.98},
  url = {https://CRAN.R-project.org/package=quantreg},
}

@MISC{Hofmann2020a,
  title = {{lmSubsets}: {E}xact Variable-Subset Selection in Linear Regression},
  author = {Hofmann, Marc and Gatu, Cristian and Kontoghiorghes, Erricos J and Colubi, Ana and Zeileis, Achim},
  year = {2020},
  type = {\bibcomputersoftware},
  note = {R package version 0.5-1},
  url = {https://CRAN.R-project.org/package=lmSubsets},
}

@Article{Hofmann2020b,
  title = {{lmSubsets}: {E}xact Variable-Subset Selection in Linear Regression for {R}},
  author = {Hofmann, Marc and Gatu, Cristian and Kontoghiorghes, Erricos J and Colubi, Ana and Zeileis, Achim},
  journal = {Journal of Statistical Software},
  year = {2020},
  volume = {93},
  pages = {1--21},
  url = {https://www.jstatsoft.org/v93/i03/}
}

@BOOK{Hoffman2000,
  title = {Visual intelligence: {H}ow we create what we see},
  publisher = {W.\ W.\ Norton \& Company},
  year = {2000},
  author = {Hoffman, Donald D},
  address = {New York, NY}
}

@ARTICLE{Hojsgaard2006,
  author = {H{\o}jsgaard, S{\o}ren and Halekoh, Ulrich and Yan, Jun},
  title = {The {R} package geepack for generalized estimating equations},
  journal = {Journal of Statistical Software},
  year = {2006},
  volume = {15},
  pages = {1--11},
  number = {2},
  url = {https://www.jstatsoft.org/v15/i02/}
}

@ARTICLE{Honaker2011,
  author = {Honaker, James and King, Gary and Blackwell, Matthew},
  title = {Amelia {II}: {A} program for missing data},
  journal = {Journal of Statistical Software},
  year = {2011},
  volume = {45},
  pages = {1--47},
  number = {7},
  url = {https://www.jstatsoft.org/v45/i07/}
}

@MANUAL{Hornik2009,
  title = {The {R} {FAQ}},
  author = {Hornik, Kurt and {R Core Team}},
  year = {2025},
  url = {https://cran.r-project.org/doc/FAQ/R-FAQ.html}
}

@BOOK{HosmerJr2008,
  title = {Applied Survival Analysis: {R}egression Modeling of Time to Event Data},
  publisher = {Wiley},
  year = {2008},
  author = {{Hosmer Jr}, David W and Lemeshow, Stanley and May, Susanne},
  address = {New York, NY},
  edition = {2.}
}

@ARTICLE{Hothorn2001,
  author = {Hothorn, Torsten and Bretz, Frank and Genz, Alan},
  title = {On multivariate t and {G}au\ss\ probabilities in {R}},
  journal = {R News},
  year = {2001},
  volume = {1},
  pages = {27--29},
  number = {2},
  url = {https://CRAN.R-project.org/doc/Rnews/}
}

@ARTICLE{Hothorn2008,
  author = {Hothorn, Torsten and Bretz, Frank and Westfall, Peter},
  title = {Simultaneous inference in general parametric models},
  journal = {Biometrical Journal},
  year = {2008},
  volume = {50},
  pages = {346--363},
  number = {3}
}

@ARTICLE{Hothorn2008a,
  author = {Hothorn, Torsten and Hornik, Kurt and {van de Wiel}, Mark A and Zeileis, Achim},
  title = {Implementing a class of permutation tests: {T}he coin package},
  journal = {Journal of Statistical Software},
  year = {2008},
  volume = {28},
  pages = {1--23},
  number = {8},
  url = {https://www.jstatsoft.org/v28/i08/}
}

@ARTICLE{Huber2015,
  author = {Huber, Wolfgang and Carey, Vincent J and Gentleman, Robert and Anders,  Simon and Carlson,  Marc and Carvalho, Benilton S and {Corrada Bravo}, Hector and Davis, Sean and Gatto, Laurent and Girke, Thomas and Gottardo, Raphael and Hahne,  Florian and Hansen, Kasper D and Irizarry,  Rafael A and Lawrence, Michael and Love, Michael I and MacDonald, James and Obenchain, Valerie and Ole\'{s}, Andrzej K and Pag\`{e}s, Herv\'{e} and Reyes, Alejandro and Shannon, Paul and Smyth, Gordon K and Tenenbaum, Dan and Waldron, Levi and Morgan, Martin},
  title = {Orchestrating high-throughput genomic analysis with {B}ioconductor},
  journal = {Nature Methods},
  year = {2015},
  volume = {12},
  pages = {115--121},
}

@MISC{HughJones2024,
  title = {{santoku}: {A} Versatile Cutting Tool},
  author = {{Hugh-Jones}, David and Possenriede, Daniel},
  year = {2024},
  note = {R package version 1.0},
  type = {\bibcomputersoftware},
  url = {https://CRAN.R-project.org/package=santoku},
}

@BOOK{Hyndman2019,
  title = {Forecasting: {P}rinciples and Practice},
  publisher = {OTexts},
  year = {2019},
  author = {Hyndman, Rob J and Athanasopoulos, George},
  address = {Melbourne, Australia},
  edition = {3.},
  url = {https://otexts.com/fpp3/}
}

@MISC{Iannone2024,
  author = {Iannone, Richard and Cheng, Joe and Schloerke, Barret and Hughes, Ellis and Lauer, Alexandra and Seo, JooYoung and Brevoort, Ken and Roy, Olivier},
  title = {{gt}: {E}asily Create Presentation-Ready Display Tables},
  year = {2024},
  note = {R package version 0.11.0},
  type = {\bibcomputersoftware},
  url = {https://CRAN.R-project.org/package=gt}
}

@ARTICLE{Ihaka1996,
  author = {Ihaka, Ross and Gentleman, Robert},
  title = {R: {A} language for data analysis and graphics},
  journal = {Journal of Computational and Graphical Statistics},
  year = {1996},
  volume = {5},
  pages = {299--314},
  number = {3}
}

@MISC{Ihaka2009,
  author = {Ihaka, Ross and Murrell, Paul and Fisher, Jascon C and Stauffer, Reto and Wilke, Claus O and McWhite, Claire D and Zeileis, Achim},
  title = {{colorspace}: {C}olor space manipulation},
  year = {2020},
  note = {R package version 2.0-0},
  type = {\bibcomputersoftware},
  url = {https://CRAN.R-project.org/package=colorspace}
}

@MISC{James2013a,
  title = {{RSQLite}: {SQLite} interface for {R}},
  author = {M\"{u}ller, Kirill and Wickham, Hadley and James, David A and Falcon, Seth},
  year = {2020},
  note = {R package version 2.2.0},
  type = {\bibcomputersoftware},
  url = {https://CRAN.R-project.org/package=RSQLite},
}

@BOOK{James2013b,
  title = {An Introduction to Statistical Learning with Applications in {R}},
  publisher = {Springer},
  year = {2021},
  author = {James, Gareth and Witten, Daniela and Hastie, Trevor and Tibshirani, Robert},
  edition = {2.},
  address = {New York, NY},
  url = {https://statlearning.com/}
}

@MISC{JetBrains2020,
  title = {{JetBrains}: {IntelliJ} integrated development environment},
  author = {JetBrains},
  year = {2020},
  note = {Version 193.5233.535},
  type = {\bibcomputersoftware},
  url = {https://plugins.jetbrains.com/plugin/6632-r-language-for-intellij},
}

@MISC{Johnson2013,
  title = {{rockchalk}: {R}egression estimation and presentation},
  author = {Johnson, Paul E},
  year = {2019},
  note = {R package version 1.8.144},
  type = {\bibcomputersoftware},
  url = {https://CRAN.R-project.org/package=rockchalk},
}

@MISC{Johnson2015,
  title = {The {NLopt} nonlinear-optimization package},
  author = {Johnson, Steven G},
  year = {2019},
  note = {Version 2.6.1},
  type = {\bibcomputersoftware},
  url = {https://nlopt.readthedocs.io/},
}

@ARTICLE{Keeling2007,
  author = {Keeling, Kellie B and Pavur, Robert J},
  title = {A {C}omparative study of the reliability of nine statistical software packages},
  journal = {Computational Statistics \& Data Analysis},
  year = {2007},
  volume = {51},
  pages = {3811--3831},
  number = {8}
}

@MISC{Kelley2010,
  author = {Kelley, Ken},
  title = {{MBESS}: {T}he {MBESS} {R} Package},
  year = {2020},
  note = {R package version 4.8.0},
  type = {\bibcomputersoftware},
  url = {https://CRAN.R-project.org/package=MBESS}
}

@BOOK{Kirk1995,
  title = {Experimental design: {P}rocedures for the social sciences},
  publisher = {SAGE},
  year = {2013},
  edition = {4.},
  author = {Kirk, Roger E},
  address = {Thousand Oaks, CA},
  url = {https://studysites.sagepub.com/kirk/}
}

@BOOK{Klein2003,
  title = {Survival Analysis: {T}echniques for Censored and Truncated Data},
  publisher = {Springer},
  year = {2003},
  author = {Klein, John P and Moeschberger, Melvin L},
  address = {New York, NY},
  edition = {2.}
}

@BOOK{Kleinman2014,
  title = {{SAS} and {R}: {D}ata Management, Statistical Analysis, and Graphics},
  publisher = {Chapman Hall/CRC},
  year = {2014},
  author = {Kleinman, Ken and Horton, Nicholas J},
  address = {Boca Raton, FL},
  edition = {2.},
  url = {https://nhorton.people.amherst.edu/sasr2/}
}

@InCollection{Kluyver2016,
  Author = {Kluyver, Thomas and Ragan-Kelley, Benjamin and P{\'e}rez, Fernando and Granger, Brian and Bussonnier, Matthias and Frederic, Jonathan and Kelley, Kyle and Hamrick, Jessica and Grout, Jason and Corlay, Sylvain and Ivanov, Paul and Avila, Dami{\'a}n and Abdalla, Safia and Willing, Carol},
  Booktitle = {Positioning and Power in Academic Publishing: {P}layers, Agents and Agendas},
  Editor = {F.\ Loizides and B.\ Schmidt},
  Publisher = {IOS Press},
  Pages = {87--90},
  Title = {Jupyter Notebooks: {A} publishing format for reproducible computational workflows},
  Year = {2016},
  url = {https://jupyter.org/}
}

@Manual{Kolde2015,
  title = {{pheatmap}: {P}retty Heatmaps},
  author = {Kolde, Raivo},
  year = {2019},
  type = {\bibcomputersoftware},
  note = {R package version 1.0.12},
  url = {https://CRAN.R-project.org/package=pheatmap},
}

@MISC{Korkmaz2021,
  author = {Korkmaz, S and Goksuluk, D and Zarasiz, G},
  title = {{MVN}: {M}ultivariate normality tests},
  year = {2021},
  note = {R package version 5.9},
  type = {\bibcomputersoftware},
  url = {https://CRAN.R-project.org/package=MVN}
}

@BOOK{Kruschke2015,
  title = {Doing {B}ayesian Data Analysis: {A} Tutorial with {R}, {JAGS}, and {S}tan},
  publisher = {Academic Press},
  year = {2015},
  author = {Kruschke, John K},
  address = {Amsterdam},
  edition = {2.},
  url = {https://sites.google.com/site/doingbayesiandataanalysis/}
}

@MISC{Kuhn2014,
  title = {{caret}: {C}lassification and Regression Training},
  author = {Kuhn, Max},
  year = {2020},
  note = {R package version 6.0-85},
  type = {\bibcomputersoftware},
  url = {https://CRAN.R-project.org/package=caret},
}

@ARTICLE{Kuhn2008,
  author = {Kuhn, Max},
  title = {Building Predictive Models in {R} Using the caret Package},
  journal = {Journal of Statistical Software},
  year = {2008},
  volume = {28},
  pages = {1--26},
  number = {5},
  url = {https://www.jstatsoft.org/v28/i05/}
}

@BOOK{Kuhn2013,
  title = {Applied predictive modeling},
  publisher = {Springer},
  year = {2013},
  author = {Kuhn, Max and Johnson, Kjell},
  address = {New York, NY},
  url = {http://appliedpredictivemodeling.com/}
}

@ARTICLE{Lemon2006,
  author = {Lemon, Jim},
  title = {Plotrix: {A} package in the red light district of {R}},
  journal = {R News},
  year = {2006},
  volume = {6},
  pages = {8--12},
  number = {4}
}

@MISC{Lenth2019,
  title = {{emmeans}: {E}stimated Marginal Means, aka Least-Squares Means},
  author = {Lenth, Russell},
  year = {2020},
  note = {R package version 1.5.3},
  type = {\bibcomputersoftware},
  url = {https://CRAN.R-project.org/package=emmeans},
}

@MISC{Li2018,
  author = {Li, C},
  title = {{JuliaCall}: {S}eamless Integration Between {R} and `{J}ulia'},
  year = {2019},
  note = {R package version 0.17.1},
  type = {\bibcomputersoftware},
  url = {https://CRAN.R-project.org/package=JuliaCall}
}

@BOOK{Ligges2009,
  title = {Programmieren mit {R}},
  publisher = {Springer Spektrum},
  year = {2016},
  author = {Ligges, Uwe},
  address = {Berlin},
  edition = {4.}
}

@ARTICLE{Ligges2003a,
  author = {Ligges, Uwe},
  title = {R help desk: {P}ackage management},
  journal = {R News},
  year = {2003},
  volume = {3},
  pages = {37--39},
  number = {3},
  url = {https://CRAN.R-project.org/doc/Rnews/}
}

@ARTICLE{Ligges2002,
  author = {Ligges, Uwe},
  title = {R help desk: {A}utomation of mathematical annotation in plots},
  journal = {R News},
  year = {2002},
  volume = {2},
  pages = {32--34},
  number = {3},
  url = {https://CRAN.R-project.org/doc/Rnews/}
}

@ARTICLE{Ligges2008,
  author = {Ligges, Uwe and Fox, John},
  title = {R help desk: {H}ow Can {I} Avoid This Loop or Make It Faster?},
  journal = {R News},
  year = {2008},
  volume = {8},
  pages = {46--50},
  number = {1},
  url = {https://CRAN.R-project.org/doc/Rnews/}
}

@BOOK{Long2012,
  title = {Longitudinal data analysis for the behavioral sciences using {R}},
  publisher = {Sage},
  year = {2012},
  author = {Long, Jeffrey D},
  address = {Thousand Oaks, CA},
  url = {https://studysites.sagepub.com/long/}
}

@MISC{Love2024,
  author = {Love, Jonathon and Dropmann, Damian and Selker, Ravi},
  title = {{jamovi}: {S}ats. {O}pen. {N}ow},
  year = {2024},
  note = {Version 2.5.4},
  type = {\bibcomputersoftware},
  url = {https://www.jamovi.org/}
}

@MISC{Ludecke2020,
  title = {{effectsize}: {I}ndices of Effect Size and Standardized Parameters},
  author = {{Ben-Shachar}, MS and Makowski, D and L\"{u}decke, Daniel and Patil, I and Wiernik, BM and Th\'{e}riault, M and Kelley, K and Stanley, D and Caldwell, A and Burnett, J and Karreth, J and Waggoner, P},
  year = {2024},
  note = {R package version 0.8.8},
  type = {\bibcomputersoftware},
  url = {https://CRAN.R-project.org/package=effectsize},
}

@MISC{Ludecke2024,
  author = {L\"{u}decke, D and Makowski, D and {Ben-Shachar}, Mattan S and Patil, I and Waggoner, P and Wiernik, Brenton M and Th\'{e}riault, R},
  title = {{performance}: {A}ssessment of Regression Models Performance},
  year = {2024},
  note = {R package version 0.12.0},
  type = {\bibcomputersoftware},
  url = {https://CRAN.R-project.org/package=performance}
}

@MISC{Ludecke2016,
  title = {{sjPlot}: {D}ata Visualization for Statistics in Social Science},
  author = {L\"{u}decke, Daniel},
  year = {2016},
  note = {R package version 1.9.3},
  type = {\bibcomputersoftware},
  url = {https://CRAN.R-project.org/package=sjPlot},
}

@MISC{Lumley2009,
  author = {Lumley, Thomas},
  title = {{leaps}: {R}egression subset selection (using {F}ortran code by {A}lan {M}iller)},
  year = {2020},
  note = {R package version 3.1},
  type = {\bibcomputersoftware},
  url = {https://CRAN.R-project.org/package=leaps}
}

@MISC{Maindonald2009,
  author = {Maindonald, John and Braun, W John},
  title = {{DAAG}: {D}ata analysis and graphics data and functions},
  year = {2020},
  note = {R package version 1.24},
  type = {\bibcomputersoftware},
  url = {https://CRAN.R-project.org/package=DAAG}
}

@BOOK{Maindonald2024,
  title = {A Practical Guide to Data Analysis using {R}: {A}n example-based approach},
  publisher = {Cambridge University Press},
  year = {2024},
  author = {Maindonald, John and Braun, W John and Andrews, Jeffrey L},
  address = {Cambridge, UK},
  url = {https://github.com/jhmaindonald/PGRcode}
}

@BOOK{Maindonald2007,
  title = {Data analysis and graphics using {R}: {A}n example-based approach},
  publisher = {Cambridge University Press},
  year = {2010},
  author = {Maindonald, John and Braun, W John},
  address = {Cambridge, UK},
  edition = {3.},
  url = {https://maths-people.anu.edu.au/~johnm/r-book/daagur3.html}
}

@MISC{Makowski2024,
  author = {Makowski, D and Wiernik, BM and Patil, I and L\"{u}decke, D and {Ben-Shachar}, MS and Th\'{e}riault, R and White, M and Rabe, MM},
  title = {{correlation}: {M}ethods for Correlation Analysis},
  year = {2024},
  note = {R package version 0.8.5},
  type = {\bibcomputersoftware},
  url = {https://CRAN.R-project.org/package=correlation}
}

@BOOK{Mardia1980,
  title = {Multivariate analysis},
  publisher = {Academic Press},
  year = {1980},
  author = {Mardia, Kanti V and Kent, John T and Bibby, John M},
  address = {London, UK}
}

@BOOK{Maronna2006,
  title = {Robust statistics: {T}heory and methods},
  publisher = {Wiley},
  year = {2006},
  author = {Maronna, Ricardo A and Martin, R Douglas and Yohai, Victor J},
  address = {New York, NY}
}

@BOOK{Maxwell2004,
  title = {Designing experiments and analyzing data: {A} model comparison perspective},
  publisher = {Lawrence Erlbaum},
  year = {2017},
  author = {Maxwell, Scott E and Delaney, Harold D and Kelley, Ken},
  address = {Mahwah, NJ},
  edition = {3.}
}

@MISC{Mazerolle2013,
  author = {Mazerolle, Marc J},
  title = {{AICcmodavg}: {M}odel selection and multimodel inference based on {(Q)AIC(c)}},
  year = {2020},
  note = {R package version 2.3-1},
  type = {\bibcomputersoftware},
  url = {https://CRAN.R-project.org/package=AICcmodavg}
}

@BOOK{McElreath2015,
  title = {Statistical Rethinking: {A} {B}ayesian Course with Examples in {R} and {S}tan},
  publisher = {Chapman \& Hall/CRC},
  year = {2020},
  edition = {2.},
  author = {McElreath, Richard},
  address = {Boca Raton, FL},
  url = {https://xcelab.net/rm/}
}

@MISC{McFarlane2016,
  title = {{pandoc}: {A} universal document converter},
  author = {McFarlane, John},
  year = {2024},
  note = {Version 3.3},
  type = {\bibcomputersoftware},
  url = {https://pandoc.org/},
}

@BOOK{Meier2022,
  title = {{ANOVA} and mixed models: {A} short introduction using {R}},
  year = {2022},
  author = {Meier, Lukas},
  publisher = {Chapman \& Hall/CRC},
  address = {Boca Raton, FL},
  url = {https://people.math.ethz.ch/~meier/teaching/anova/}
}

@MISC{Mersmann2023,
  author = {Mersmann, O and Beleites, C and Hurling, R and Friedman, A and Ulrich, JM},
  title = {{microbenchmark}: {A}ccurate Timing Functions},
  year = {2023},
  note = {R package version 1.4.10},
  type = {\bibcomputersoftware},
  url = {https://CRAN.R-project.org/package=microbenchmark}
}

@Article{Meyer2014,
    author = {Meyer, Sebastian and Held, Leonhard},
    title = {Power-law models for infectious disease spread},
    journal = {The Annals of Applied Statistics},
    year = {2014},
    volume = {8},
    number = {3},
    pages = {1612--1639},
}

@ARTICLE{Meyer2009a,
  author = {Meyer, David and Hornik, Kurt},
  title = {Generalized and customizable sets in {R}},
  journal = {Journal of Statistical Software},
  year = {2009},
  volume = {31},
  pages = {1--27},
  number = {2},
  url = {https://www.jstatsoft.org/v31/i02/}
}

@MISC{Meyer2009b,
  author = {Meyer, David and Zeileis, Achim and Hornik, Kurt},
  title = {{vcd}: {V}isualizing categorical data},
  year = {2020},
  note = {R package version 1.4-8},
  type = {\bibcomputersoftware},
  url = {https://CRAN.R-project.org/package=vcd}
}

@MISC{Meyer2024,
  author = {Meyer, Fanny and Perrier, Victor},
  title = {{esquisse}: {E}xplore and Visualize Your Data Interactively},
  year = {2024},
  note = {R package version 2.0.0},
  type = {\bibcomputersoftware},
  url = {https://CRAN.R-project.org/package=esquisse}
}

@MISC{Microsoft2024,
  author = {{Microsoft}},
  title = {Microsoft {V}isual {S}tudio {C}ode},
  year = {2024},
  note = {Version 1.90.2},
  type = {\bibcomputersoftware},
  url = {https://code.visualstudio.com/docs/languages/r}
}

@MISC{Microsoft2016b,
  title = {{checkpoint}: {I}nstall Packages from Snapshots on the Checkpoint Server for reproducibility},
  author = {Ooi, Hong and {de Vries}, Andrie and {Microsoft}},
  year = {2020},
  note = {R package version 0.4.10},
  type = {\bibcomputersoftware},
  url = {https://CRAN.R-project.org/package=checkpoint},
}

@BOOK{Miller2002,
  title = {Subset selection in regression},
  publisher = {Chapman \& Hall/CRC},
  year = {2002},
  author = {Miller, Alan J},
  address = {Boca Raton, FL},
  edition = {2.}
}

@MISC{MorganWall2019,
  title = {{rayshader}: {C}reate and Visualize Hillshaded Maps from Elevation Matrices},
  author = {Tyler Morgan-Wall},
  year = {2020},
  type = {\bibcomputersoftware},
  note = {R package version 0.13.7},
  url = {https://CRAN.R-project.org/package=rayshader},
}

@MISC{MorganWall2024,
  title = {{rayrender}: {B}uild and Raytrace {3D} Scenes},
  author = {Tyler Morgan-Wall},
  year = {2024},
  type = {\bibcomputersoftware},
  note = {R package version 0.32.2},
  url = {https://CRAN.R-project.org/package=rayrender},
}

@BOOK{Mossbrugger2007,
  title = {Testtheorie und {F}ragebogenkostruktion},
  publisher = {Springer},
  year = {2020},
  author = {Mossbrugger, H and Kelava, A},
  address = {Berlin},
  edition = {3.}
}

@MISC{Muenchen2018,
  author = {Muenchen, Robert A},
  title = {Why {R} is hard to learn},
  year = {2018},
  url = {http://r4stats.com/articles/why-r-is-hard-to-learn/},
}

@BOOK{Muenchen2008,
  title = {R for {SAS} and {SPSS} users},
  publisher = {Springer},
  year = {2011},
  author = {Muenchen, Robert A},
  address = {New York, NY},
  edition = {2.},
  url = {http://r4stats.com/}
}

@BOOK{Muenchen2010,
  title = {R for {S}tata users},
  publisher = {Springer},
  year = {2010},
  author = {Muenchen, Robert A and Hilbe, Joseph M},
  address = {New York, NY},
  url = {http://r4stats.com/}
}

@BOOK{Murrell2005,
  title = {R graphics},
  publisher = {Chapman \& Hall/CRC},
  year = {2018},
  author = {Murrell, Paul},
  address = {Boca Raton, FL},
  edition = {3.},
  url = {https://www.stat.auckland.ac.nz/~paul/RG3e/}
}

@ARTICLE{Murrell2000,
  author = {Murrell, Paul and Ihaka, Ross},
  title = {An approach to providing mathematical annotations in plots},
  journal = {Journal of Computational and Graphical Statistics},
  year = {2000},
  volume = {9},
  pages = {582--599},
  number = {3}
}

@ARTICLE{Nash2011,
  author = {Nash, John C and Varadhan Ravi},
  title = {Unifying Optimization Algorithms to Aid Software System Users: optimx for {R}},
  journal = {Journal of Statistical Software},
  year = {2011},
  volume = {43},
  pages = {1--14},
  number = {9},
  url = {https://www.jstatsoft.org/v43/i09/}
}

@BOOK{Nash2014a,
  title = {Nonlinear parameter optimization using {R} tools},
  publisher = {Wiley},
  year = {2014},
  author = {Nash, John C},
  address = {Chichester, UK},
}

@ARTICLE{Nash2014b,
  author = {Nash, John C},
  title = {On Best Practice Optimization Methods in {R}},
  journal = {Journal of Statistical Software},
  year = {2014},
  volume = {60},
  pages = {1--14},
  number = {2},
  url = {https://www.jstatsoft.org/v60/i02/}
}

@MISC{Neth2019,
  author = {Neth, H and Gaisbauer, F and Gradwohl, N and Gaissmaier, W},
  title = {{riskyr}: {R}endering Risk Literacy more Transparent},
  year = {2019},
  note = {R package version 0.2.0},
  type = {\bibcomputersoftware},
  url = {https://CRAN.R-project.org/package=riskyr}
}

@MISC{Neuwirth2010a,
  author = {Neuwirth, Erich},
  title = {{RColorBrewer}: {ColorBrewer} palettes},
  year = {2014},
  note = {Version 1.1-2},
  type = {\bibcomputersoftware},
  url = {https://CRAN.R-project.org/package=RColorBrewer},
}

@MISC{Neuwirth2010b,
  author = {Neuwirth, Erich},
  title = {{RExcel}},
  year = {2016},
  note = {Version 3.2.16},
  type = {\bibcomputersoftware}
}

@ARTICLE{Nieuwenhuis2017,
  author = {Nieuwenhuis, Rense and {te Grotenhuis}, Manfred and Pelzer, Ben},
  title = {{wec}: {W}eighted Effect Coding for Observational Data with wec},
  year = {2017},
  journal = {The R Journal},
  volume = {9},
  pages = {477--485}
}

@ARTICLE{OBrien1985,
  author = {{O'Brien}, Ralph G and Kaiser, Mary K},
  title = {{MANOVA} method for analyzing repeated measures designs: {A}n extensive primer},
  journal = {Psychological Bulletin},
  year = {1985},
  volume = {97},
  pages = {316--333}
}

@MISC{Oksanen2011,
  author = {Oksanen, Jari and Blanchet, F Guillaume and Friendly, Michael and Kindt, Roeland and Legendre, Pierre and Minchin, Peter R and O'Hara, R B and Simpson, Gavin L and Solymos, Peter and Stevens, M Henry H and Szoecs, Eduard and Wagner, Helene},
  title = {{vegan}: {C}ommunity ecology package},
  year = {2019},
  note = {R package version 2.5-6},
  type = {\bibcomputersoftware},
  url = {https://CRAN.R-project.org/package=vegan}
}

@MISC{Ooi2017,
  title = {{glmnetUtils}: {U}tilities for `glmnet'},
  author = {Ooi, Hong},
  year = {2020},
  note = {R package version 1.1.5},
  type = {\bibcomputersoftware},
  url = {https://CRAN.R-project.org/package=glmnetUtils},
}

@MISC{Ooms2024,
  author = {Ooms, Jeroen},
  title = {{magick}: {A}dvanced Graphics and Image-Processing in {R}},
  year = {2024},
  note = {Version 2.8.3},
  type = {\bibcomputersoftware},
  url = {https://CRAN.R-project.org/package=magick},
}

@MISC{OpenAnalytics2013,
  author = {{OpenAnalytics BVBA}},
  title = {Architect},
  year = {2023},
  note = {Version 1.3},
  organization = {OpenAnalytics BVBA},
  type = {\bibcomputersoftware},
  url = {https://www.getarchitect.io/downloads/}
}

@ARTICLE{Pau2010,
  author = {Pau, Gregoire and Fuchs, F and Sklyar, Oleg and Boutros, M and Huber, Wolfgang},
  title = {{EBImage}: {A}n {R} package for image processing with applications to cellular phenotypes},
  journal = {Bioinformatics},
  year = {2010},
  volume = {26},
  pages = {979--981},
  number = {7},
  url = {http://www.bioconductor.org/packages/devel/bioc/html/EBImage.html}
}

@BOOK{Pebesma2023,
  title = {Spatial Data Science: {W}ith Applications in {R}},
  publisher = {Chapman \& Hall/CRC},
  year = {2023},
  author = {Pebesma, Edzer and Bivand, Roger S},
  address = {Boca Raton, FL},
  url = {https://r-spatial.org/book/}
}

@MISC{Pedersen2018,
  title = {{gganimate}: {A} Grammar of Animated Graphics},
  author = {Pedersen, Thomas Lin and Robinson, David},
  year = {2020},
  note = {R package version 1.0.5},
  type = {\bibcomputersoftware},
  url = {https://CRAN.R-project.org/package=gganimate},
}

@MISC{Pedersen2019,
  title = {{patchwork}: {T}he Composer of Plots},
  author = {Pedersen, Thomas Lin},
  year = {2020},
  note = {R package version 1.1.1},
  type = {\bibcomputersoftware},
  url = {https://CRAN.R-project.org/package=patchwork},
}

@MISC{Peters2013,
  title = {{ipred}: {I}mproved Predictors},
  author = {Peters, Andrea and Hothorn, Torsten},
  year = {2019},
  note = {R package version 0.9-9},
  type = {\bibcomputersoftware},
  url = {https://CRAN.R-project.org/package=ipred},
}

@BOOK{Pinheiro2000,
  title = {Mixed-effects models in {S} and {S}-{PLUS}},
  publisher = {Springer},
  year = {2000},
  author = {Pinheiro, Jos\'{e} C and Bates, Douglas M},
  address = {New York, NY}
}

@MISC{Pinheiro2008,
  author = {Pinheiro, Jos\'{e} C and Bates, Douglas M and DebRoy, Saikat and Sarkar, Deepayan and {R Core Team}},
  title = {{nlme}: {L}inear and Nonlinear Mixed Effects Models},
  year = {2020},
  note = {R package version 3.1-151},
  type = {\bibcomputersoftware},
  url = {https://CRAN.R-project.org/package=nlme}
}

@MISC{Plate2004,
  author = {Plate, Tony and Heiberger, Richard},
  title = {{abind}: {C}ombine multi-dimensional arrays},
  year = {2016},
  note = {R package version 1.4-5},
  type = {\bibcomputersoftware},
  url = {https://CRAN.R-project.org/package=abind}
}

@MISC{Ploner2013,
  title = {{coxphf}: {C}ox regression with {F}irth's penalized likelihood},
  author = {Ploner, Meinhard and Heinze, Georg},
  year = {2018},
  note = {R package version 1.13},
  type = {\bibcomputersoftware},
  url = {https://CRAN.R-project.org/package=coxphf},
}

@ARTICLE{Polzehl2007,
  author = {Polzehl, J\"{o}rg and Tabelow, Karsten},
  title = {Adaptive Smoothing of Digital Images: {T}he {R} package adimpro},
  journal = {Journal of Statistical Software},
  year = {2007},
  volume = {19},
  pages = {1--17},
  number = {1},
  url = {https://www.jstatsoft.org/v19/i01/}
}

@MISC{Poncet2012,
  author = {Poncet, Paul},
  title = {{modeest}: {M}ode Estimation},
  year = {2019},
  note = {R package version 2.4.0},
  type = {\bibcomputersoftware},
  url = {https://CRAN.R-project.org/package=modeest}
}

@MISC{Posit2024,
  author = {{Posit PBC}},
  title = {{Positron}: {A} next-generation data science {IDE}},
  year = {2024},
  note = {Version 2024.07.0-27},
  type = {\bibcomputersoftware},
  address = {Boston, MA},
  url = {https://github.com/posit-dev/positron/}
}

@MISC{Rabe2023,
  title = {{hypr}: {H}ypothesis Matrix Translation},
  author = {Rabe, Maximilian M and Vasishth, Shravan and Hohenstein, Sven and Kliegl, Reinhold and Schad, Daniel J},
  year = {2023},
  note = {R package version 0.2.8},
  type = {\bibcomputersoftware},
  url = {https://CRAN.R-project.org/package=hypr},
}

@MANUAL{RConsortium2024,
  title = {R {C}onsortium},
  author = {{R Consortium}},
  organization = {R Consortium},
  address = {Vienna, Austria},
  year = {2024},
  url = {https://www.r-consortium.org/}
}

@MISC{Rcoremembers2009,
  author = {{R Core Team}},
  title = {{foreign}: {R}ead Data Stored by {M}initab, {S}, {SAS}, {SPSS}, {S}tata, {S}ystat, {dBase}, \ldots},
  year = {2020},
  note = {R package version 0.8-81},
  type = {\bibcomputersoftware},
  url = {https://CRAN.R-project.org/package=foreign}
}

@MANUAL{RDevelopmentCoreTeam2008,
  title = {R: {L}angugage Definition},
  author = {{R Core Team}},
  organization = {R Foundation for Statistical Computing},
  address = {Vienna, Austria},
  year = {2020},
  url = {https://CRAN.R-project.org/doc/manuals/R-lang.html}
}

@MANUAL{RDevelopmentCoreTeam2008a,
  title = {R: {I}nstallation and Administration},
  author = {{R Core Team}},
  organization = {R Foundation for Statistical Computing},
  address = {Vienna, Austria},
  year = {2020},
  url = {https://CRAN.R-project.org/doc/manuals/R-admin.html}
}

@MANUAL{RDevelopmentCoreTeam2008b,
  title = {R: {D}ata Import/Export},
  author = {{R Core Team}},
  organization = {R Foundation for Statistical Computing},
  address = {Vienna, Austria},
  year = {2020},
  url = {https://CRAN.R-project.org/doc/manuals/R-data.html}
}

@MANUAL{RDevelopmentCoreTeam2008c,
  title = {R: {A} Language and Environment for Statistical Computing},
  author = {{R Core Team}},
  organization = {R Foundation for Statistical Computing},
  address = {Vienna, Austria},
  year = {2020},
  url = {https://www.r-project.org/}
}

@MANUAL{RDevelopmentCoreTeam2014,
  title = {Writing {R} Extensions},
  author = {{R Core Team}},
  organization = {R Foundation for Statistical Computing},
  address = {Vienna, Austria},
  year = {2020},
  url = {https://cran.r-project.org/doc/manuals/R-exts.html}
}

@MISC{Revelle2009,
  author = {Revelle, William},
  title = {{psych}: {P}rocedures for Psychological, Psychometric, and Personality Research},
  year = {2020},
  note = {R package version 2.0.12},
  type = {\bibcomputersoftware},
  url = {https://CRAN.R-project.org/package=psych}
}

@MISC{Revolution2014,
  author = {Microsoft},
  title = {Microsoft {R} open},
  year = {2020},
  note = {Version 4.0.2},
  organization = {Microsoft},
  type = {\bibcomputersoftware}
}

@MANUAL{RFoundation2013,
  title = {R: {R}egulatory Compliance and Validation Issues: {A} Guidance Document for the Use of {R} in Regulated Clinical Trial Environments},
  author = {{R Foundation for Statistical Computing}},
  address = {Vienna, Austria},
  year = {2018},
  url = {https://www.r-project.org/doc/R-FDA.pdf}
}

@MANUAL{RFoundation2024,
  title = {R {F}oundation},
  author = {{R Foundation}},
  organization = {R Foundation},
  address = {Vienna, Austria},
  year = {2024},
  url = {https://www.r-project.org/foundation/}
}

@MISC{Richardson2024,
  author = {Richardson, Neal and Cook, Ian and Crane, Nic and Dunnington, Dewey and Franois, Romain and Keane, Jonathan and {Moldovan-Gr\"{u}nfeld}, D and Ooms, Jeroen and {Wujciak-Jens}, Jacob},
  title = {{arrow}: {I}ntegration to {A}pache {A}rrow},
  year = {2024},
  note = {R package version 16.1.0},
  type = {\bibcomputersoftware},
  url = {https://CRAN.R-project.org/package=arrow}
}

@MISC{Ripley2012,
  author = {Ripley, Brian D},
  title = {{RODBC}: {ODBC} Database Access},
  year = {2016},
  note = {R package version 1.3-14},
  type = {\bibcomputersoftware},
  url = {https://CRAN.R-project.org/package=RODBC}
}

@ARTICLE{Ripley2005,
  author = {Ripley, Brian D},
  title = {Packages and their Management in {R} 2.1.0},
  journal = {R News},
  year = {2005},
  volume = {5},
  pages = {8--11},
  number = {1},
  url = {https://CRAN.R-project.org/doc/Rnews/}
}

@ARTICLE{Ripley2001,
  author = {Ripley, Brian D},
  title = {Using Databases with {R}},
  journal = {R News},
  year = {2001},
  volume = {1},
  pages = {18--20},
  number = {1},
  url = {https://CRAN.R-project.org/doc/Rnews/}
}

@ARTICLE{Ripley2001a,
  author = {Ripley, Brian D and Hornik, Kurt},
  title = {Date-Time Classes},
  journal = {R News},
  year = {2001},
  volume = {1},
  pages = {8--11},
  number = {2},
  url = {https://CRAN.R-project.org/doc/Rnews/}
}

@MISC{Ripley2008,
  author = {Ripley, Brian D and Murdoch, Duncan and Kalibera, Tomas},
  title = {R for {W}indows {FAQ}},
  year = {2024},
  date = {4.4.1},
  url = {https://CRAN.R-project.org/bin/windows/base/rw-FAQ.html}
}

@BOOK{Ritz2009,
  title = {Nonlinear Regression with {R}},
  publisher = {Springer},
  year = {2009},
  author = {Ritz, Christian and Streibig, Jens C},
  address = {New York, NY}
}

@ARTICLE{Rizopoulos2006,
  author = {Rizopoulos, Dimitris},
  title = {{ltm}: {A}n {R} package for Latent Variable Modelling and Item Response Theory Analyses},
  journal = {Journal of Statistical Software},
  year = {2006},
  volume = {17},
  pages = {1--25},
  number = {5},
  url = {https://www.jstatsoft.org/v17/i05/}
}

@MISC{Rizzo2013,
  author = {Rizzo, Maria L and Szekely, Gabor J},
  title = {{energy}: {E}-statistics: {M}ultivariate inference via the energy of data},
  year = {2019},
  note = {R package version 1.7-7},
  type = {\bibcomputersoftware},
  url = {https://CRAN.R-project.org/package=energy}
}

@ARTICLE{Robin2011,
  author = {Robin, Xavier and Turck, Natacha and Hainard, Alexandre and Tiberti, Natalia and Lisacek, Fr\'{e}d\'{e}rique and Sanchez, Jean-Charles and M\"{u}ller, Markus},
  title = {{pROC}: an open-source package for {R} and {S+} to analyze and compare {ROC} curves},
  journal = {BMC Bioinformatics},
  year = {2011},
  volume = {12},
  pages = {77},
  url = {https://web.expasy.org/pROC/}
}

@MISC{Rodrigues2024,
  author = {Rodrigues, Bruno and Baumann, Philipp},
  title = {{rix}: {R}eproducible Environments with {Nix}},
  year = {2024},
  note = {R package version 0.9.1},
  type = {\bibcomputersoftware},
  url = {https://github.com/b-rodrigues/rix/}
}

@ARTICLE{Roediger2012,
  author = {R\"{o}diger, Stefan and Friedrichsmeier, Thomas and Prasenjit, Kapat and Michalke, Meik},
  title = {{RKWard}: {A} Comprehensive Graphical User Interface and Integrated Development Environment for Statistical Analysis with {R}},
  journal = {Journal of Statistical Software},
  year = {2011},
  volume = {49},
  pages = {1--34},
  number = {9},
  url = {https://www.jstatsoft.org/v49/i09/}
}

@ARTICLE{Rondeau2012,
  author = {Rondeau, Virginie and Mazroui, Yassin and Gonzalez, Juan R},
  title = {{frailtypack}: {A}n {R} Package for the Analysis of Correlated Survival Data with Frailty Models Using Penalized Likelihood Estimation or Parametrical Estimation},
  journal = {Journal of Statistical Software},
  year = {2012},
  volume = {47},
  pages = {1--28},
  number = {4},
  url = {https://www.jstatsoft.org/v47/i04/}
}

@ARTICLE{Rosseel2012,
  title = {{lavaan}: {A}n {R} Package for Structural Equation Modeling},
  author = {Rosseel, Yves},
  journal = {Journal of Statistical Software},
  year = {2012},
  volume = {48},
  number = {2},
  pages = {1--36},
  url = {https://www.jstatsoft.org/v48/i02/},
}

@MISC{Rossini2014,
  author = {Rossini, Anthony J and Maechler, Martin and Sparapani, Rodney A and Eglen, Stephen and Spinu, Vitalie and Heiberger, Richard M},
  title = {{ESS}: {E}macs Speaks Statistics},
  year = {2024},
  note = {Version 24.01.1},
  type = {\bibcomputersoftware},
  url = {https://ess.r-project.org/}
}

@MISC{Rousseeuw2009,
  author = {Rousseeuw, Peter J and Croux, Christophe and Todorov, Valentin and Ruckstuhl, Andreas and Salibian-Barrera, Matias and Verbeke, Tobias and Maechler, Martin},
  title = {{robustbase}: {B}asic Robust Statistics},
  year = {2020},
  note = {R package version 0.93-6},
  type = {\bibcomputersoftware},
  url = {https://CRAN.R-project.org/package=robustbase}
}

@ARTICLE{Rousseeuw1990,
  author = {Rousseeuw, Peter J and {van Zomeren}, Bert C},
  title = {Unmasking Multivariate Outliers and Leverage Points},
  journal = {Journal of the American Statistical Association},
  year = {1990},
  volume = {85},
  pages = {633--639},
  number = {411},
  url = {http://www.jstor.org/stable/2289995}
}

@MISC{RSIGDB2014,
  title = {{DBI}: {R} Database Interface},
  author = {{R Special Interest Group on Databases} and Wickham, Hadley and M\"{u}ller, Kirill},
  year = {2019},
  note = {R package version 1.1.0},
  type = {\bibcomputersoftware},
  url = {https://CRAN.R-project.org/package=DBI},
}

@MISC{RStudio2014a,
  title = {{rmarkdown}: {D}ynamic Documents for {R}},
  author = {Allaire, J J and Xie, Yihui and McPherson, Jonathan and Luraschi, Javier and Ushey, Kevin and Atkins, Aron and Wickham, Hadley and Cheng, Joe and Chang, Winston and Iannone, Richard},
  year = {2020},
  note = {R package version 2.6},
  type = {\bibcomputersoftware},
  url = {https://rmarkdown.rstudio.com/},
}

@MISC{RStudio2014b,
  title = {{ggvis}: {I}nteractive grammar of graphics},
  author = {Wickham, Hadley and Chang, W},
  year = {2024},
  note = {R package version 0.4.9},
  type = {\bibcomputersoftware},
  url = {https://CRAN.R-project.org/package=ggvis},
}

@MISC{RStudioShiny2014,
    title = {{shiny}: {W}eb Application Framework for {R}},
    author = {Chang, Winston and Cheng, Joe and Allaire, J J and Xie, Yihui and McPherson, Jonathan},
    year = {2020},
    note = {R package version 1.5.0},
    type = {\bibcomputersoftware},
    url = {https://CRAN.R-project.org/package=shiny},
}

@MISC{SabanesBove2024,
  author = {{Sabanes Bove}, D and Li, Liming and Dedic, Julia and Kelkhoff, Doug and Kunzmann, Kevin and Lang, Brian M and Stock, Christian and Wang, Ya and {Gower-Page}, Craig and James, Dan and Sidi, Jonathan and Leibovitz, Daniel and Sjoberg, Daniel D},
  title = {{mmrm}: {M}ixed Models for Repeated Measures},
  year = {2024},
  note = {R package version 0.3.12},
  type = {\bibcomputersoftware},
  url = {https://CRAN.R-project.org/package=mmrm}
}

@BOOK{Sarkar2008,
  title = {Lattice: {M}ultivariate Data Visualization with {R}},
  publisher = {Springer},
  year = {2008},
  author = {Sarkar, Deepayan},
  address = {New York, NY},
  url = {https://lmdvr.r-forge.r-project.org/}
}

@BOOK{Schwarzer2015,
  title = {Meta-Analysis with {R}},
  publisher = {Springer},
  year = {2015},
  author = {Schwarzer, Guido and Carpenter, James R and R\"{u}cker, Gerta},
  address = {New York, NY},
  url = {https://www.uniklinik-freiburg.de/imbi/stud-le/meta-analysis-with-r.html}
}

@ARTICLE{Shaw1993,
  author = {Shaw, Ruth G and Mitchell-Olds, Thomas},
  title = {{ANOVA} for unbalanced data: {A}n overview},
  journal = {Ecology},
  year = {1993},
  volume = {74},
  pages = {1638--1645},
  number = {6},
}

@BOOK{Shumway2019,
  title = {Time Series: {A} Data Analysis Approach using {R}},
  publisher = {Chapman \& Hall/CRC},
  year = {2019},
  author = {Shumway, Robert H and Stoffer, David S},
  address = {Boca Raton, FL},
  url = {https://github.com/nickpoison/tsda/}
}

@BOOK{Shumway2006,
  title = {Time Series Analysis and Its Applications},
  publisher = {Springer},
  year = {2016},
  author = {Shumway, Robert H and Stoffer, David S},
  address = {New York, NY},
  edition = {4.},
  url = {https://github.com/nickpoison/tsa4}
}

@MISC{Sievert2015,
  title = {{plotly}: {C}reate Interactive Web Graphics via Plotly's {JavaScript} Graphing Library},
  author = {Sievert, Carson and Parmer, Chris and Hocking, Toby and Chamberlain, Scott and Ram, Karthik and Corvellec, Marianne and Despouy, Pedro},
  year = {2020},
  note = {R package version 4.9.2},
  type = {\bibcomputersoftware},
  url = {https://CRAN.R-project.org/package=plotly},
}

@BOOK{Sievert2020,
  title = {Interactive Web-Based Data Visualization with {R}, plotly, and shiny},
  publisher = {Chapman \& Hall/CRC},
  year = {2020},
  author = {Sievert, Carson},
  address = {Boca Raton, FL},
  url = {https://plotly-r.com/}
}

@MISC{Signorell2014,
  author = {Signorell, Andri},
  title = {{DescTools}: {T}ools for descriptive statistics},
  year = {2020},
  note = {R package version 0.99.39},
  url = {https://CRAN.R-project.org/package=DescTools}
}

@MISC{Simpson2011,
  author = {Simpson, Gavin L},
  title = {{permute}: {F}unctions for generating restricted permutations of data},
  year = {2019},
  note = {R package version 0.9-5},
  type = {\bibcomputersoftware},
  url = {https://CRAN.R-project.org/package=permute}
}

@MISC{Sing2007,
  author = {Sing, Tobias and Sander, Oliver and Beerenwinkel, Niko and Lengauer, Thomas},
  title = {{ROCR}: {V}isualizing the performance of scoring classifiers},
  year = {2015},
  note = {R package version 1.0-7},
  type = {\bibcomputersoftware},
  url = {https://CRAN.R-project.org/package=ROCR}
}

@MISC{Slowikowski2024,
  author = {Slowikowski, Kamil},
  title = {{ggrepel}: {A}utomatically Position Non-Overlapping Text Labels with `ggplot2'},
  year = {2024},
  note = {R package version 0.9.5},
  type = {\bibcomputersoftware},
  url = {https://CRAN.R-project.org/package=ggrepel},
}

@MISC{Smyth2015,
  title = {{statmod}: {S}tatistical Modeling},
  author = {Smyth, Gordon},
  year = {2020},
  type = {\bibcomputersoftware},
  note = {R package version 1.4.34},
  url = {https://CRAN.R-project.org/package=statmod},
}

@MISC{Soetaert2009,
  title = {{rootSolve}: {N}onlinear root finding, equilibrium and steady-state analysis of ordinary differential equations},
  author = {Soetaert, K},
  year = {2019},
  type = {\bibcomputersoftware},
  note = {R package version 1.8.2},
  url = {https://CRAN.R-project.org/package=rootSolve},
}

@BOOK{Spector2008,
  title = {Data Manipulation with {R}},
  publisher = {Springer},
  year = {2008},
  author = {Spector, Phil},
  address = {New York, NY}
}

@MISC{Stan2015,
  author = {{Stan Development Team}},
  title = {Stan: {A} {C}++ Library for Probability and Sampling},
  year = {2020},
  note = {Version 2.22.1},
  type = {\bibcomputersoftware},
  url = {http://mc-stan.org/}
}

@BOOK{Stasinopoulos2017,
  title = {Distributions for Modeling Location, Scale, and Shape: {U}sing {GAMLSS} in {R}},
  publisher = {Chapman \& Hall/CRC},
  year = {2019},
  author = {Rigby, Robert A and Stasinopoulos, Mikis D and Heller, Gillian Z and {de Bastiani}, Fernanda},
  address = {Boca Raton, FL}
}

@BOOK{Strang2003,
  title = {Lineare {A}lgebra},
  publisher = {Springer},
  year = {2003},
  author = {Strang, Gilbert},
  address = {Berlin}
}

@ARTICLE{Su2011,
  author = {Su, Yu-Sung and Gelman, Andrew and Hill, Jennifer and Yajima, Masanao},
  title = {Multiple Imputation with Diagnostics (mi) in {R}: {O}pening Windows into the Black Box},
  journal = {Journal of Statistical Software},
  year = {2011},
  volume = {45},
  pages = {1--67},
  number = {2},
  url = {https://www.jstatsoft.org/v45/i02/}
}

@MISC{TempleLang2009,
  author = {{Temple Lang}, Duncan and Swayne, Debby and Wickham, Hadley and Lawrence, Michael},
  title = {{rggobi}: {I}nterface between {R} and {GGobi}},
  year = {2014},
  note = {R package version 2.1.20},
  type = {\bibcomputersoftware},
  url = {https://CRAN.R-project.org/package=rggobi}
}

@MISC{Therneau2012a,
  author = {Therneau, Terry},
  title = {{survival}: {S}urvival Analysis},
  year = {2020},
  note = {R package version 3.1-11},
  type = {\bibcomputersoftware},
  url = {https://CRAN.R-project.org/package=survival}
}

@MISC{Therneau2012b,
  author = {Therneau, Terry},
  title = {{coxme}: {M}ixed Effects {C}ox Models},
  year = {2015},
  note = {R package version 2.2-5},
  type = {\bibcomputersoftware},
  url = {https://CRAN.R-project.org/package=coxme}
}

@MISC{TIBCOSoftwareInc2008,
  author = {{{TIBCO} {S}oftware {I}nc}},
  title = {{TIBCO} Enterprise Runtime for {R} ({TERR})},
  year = {2019},
  note = {Version 11},
  organization = {TIBCO Software Inc.},
  type = {\bibcomputersoftware},
  url = {https://www.spotfire.com/}
}

@MISC{Tierney2019,
  title = {{naniar}: {D}ata Structures, Summaries, and Visualisations for Missing Data},
  author = {Tierney, Nicholas and Cook, Di and McBain, Miles and Fay, Colin},
  year = {2020},
  note = {R package version 0.6.0},
  type = {\bibcomputersoftware},
  url = {https://CRAN.R-project.org/package=naniar}
}

@MISC{Tingley2011,
  author = {Tingley, Dustin and Yamamoto, Teppei and Keele, Luke and Imai, Kosuke and Trinh, Minh and Wong, Weihuang},
  title = {{mediation}: {R} Package for Causal Mediation Analysis},
  year = {2019},
  note = {R package version 4.5.0},
  type = {\bibcomputersoftware},
  url = {https://CRAN.R-project.org/package=mediation}
}

@ARTICLE{Tofinghi2011,
  author = {Tofighi, Davood and MacKinnon, David P},
  title = {{RMediation}: {A}n {R} package for mediation analysis confidence intervals},
  journal = {Behavior Research Methods},
  year = {2011},
  volume = {43},
  pages = {692--700}
}

@MISC{Ueda2024,
  author = {Ueda, Yuki and Hentschel, Manuel and Schilling, MJ and Lai, Randy and Ren, Kun},
  title = {{REditorSupport}: {R} extension for {V}isual {S}tudio {C}ode},
  year = {2024},
  note = {Version 2.8.4},
  type = {\bibcomputersoftware},
  url = {https://marketplace.visualstudio.com/items?itemName=REditorSupport.r}
}

@BOOK{Unwin2015,
  title = {Graphical Data Analysis with {R}},
  publisher = {Chapman \& Hall/CRC},
  year = {2015},
  author = {Unwin, Antony},
  address = {Boca Raton, FL},
  url = {http://www.gradaanwr.net/}
}

@MISC{Urbanek2014,
  title = {Cairo: {R} graphics device using cairo graphics library for creating high-quality bitmap ({PNG}, {JPEG}, {TIFF}), vector ({PDF}, {SVG}, {PostScript}) and display ({X}11 and {W}in32) output},
  author = {Urbanek, Simon and Horner, Jeffrey},
  year = {2020},
  note = {R package version 1.5-11},
  type = {\bibcomputersoftware},
  url = {https://CRAN.R-project.org/package=Cairo},
}

@MISC{Urbanek2018,
  title = {{rJava}: {L}ow-Level {R} to {J}ava Interface},
  author = {Urbanek, Simon},
  year = {2019},
  note = {R package version 0.9-11},
  type = {\bibcomputersoftware},
  url = {https://CRAN.R-project.org/package=rJava},
}

@MISC{Ushey2016,
  title = {{packrat}: {A} Dependency Management System for Projects and their {R} Package
pendencies},
  author = {Ushey, Kevin and McPherson, Jonathan and Cheng, Joe and Atkins, Aron and Allaire, JJ},
  year = {2016},
  note = {R package version 0.4.8-1},
  type = {\bibcomputersoftware},
  url = {https://CRAN.R-project.org/package=packrat},
}

@MISC{Ushey2019,
  author = {Ushey, Kevin},
  title = {{renv}: {P}roject Environments},
  year = {2020},
  note = {R package version 0.12.3},
  type = {\bibcomputersoftware},
  url = {https://CRAN.R-project.org/package=renv}
}

@ARTICLE{vanBuuren2011,
  author = {{van Buuren}, Stef and Groothuis-Oudshoorn, Karin},
  title = {{MICE}: {M}ultivariate Imputation by Chained Equations in {R}},
  journal = {Journal of Statistical Software},
  year = {2011},
  volume = {45},
  pages = {1--67},
  number = {3},
  url = {https://www.jstatsoft.org/v45/i03/}
}

@BOOK{vanBuuren2012,
  title = {Flexible Imputation of Missing Data},
  publisher = {Chapman \& Hall/CRC},
  year = {2018},
  author = {{van Buuren}, Stef},
  address = {Boca Raton, FL},
  edition = {2.},
  url = {https://stefvanbuuren.name/fimd/}
}

@Article{vanderLoo2014,
    title = {The stringdist package for approximate string matching},
    author = {{van der Loo}, M P J},
    year = {2014},
    journal = {The R Journal},
    volume = {6},
    issue = {1},
    url = {https://CRAN.R-project.org/package=stringdist},
    pages = {111--122},
}

@BOOK{Venables2002,
  title = {Modern Applied Statistics with {S}},
  publisher = {Springer},
  year = {2002},
  author = {Venables, William N and Ripley, Brian D},
  address = {New York, NY},
  edition = {4.},
  url = {https://www.stats.ox.ac.uk/pub/MASS4/}
}

@BOOK{Venables2000,
  title = {S Programming},
  publisher = {Springer},
  year = {2000},
  author = {Venables, William N and Ripley, Brian D},
  address = {New York, NY},
  url = {https://www.stats.ox.ac.uk/pub/MASS3/Sprog/}
}

@MANUAL{Venables2008,
  title = {An introduction to {R}},
  author = {Venables, William N and Smith, David M and Gentleman, R and Ihaka, Ross and Maechler, M and {R Core Team}},
  organization = {R Foundation for Statistical Computing},
  note = {Version 2020-10-10},
  address = {Vienna, Austria},
  year = {2020},
  url = {https://CRAN.R-project.org/doc/manuals/R-intro.html}
}

@MISC{Venables2016,
  title = {{codingMatrices}: {A}lternative Factor Coding Matrices for Linear Model Formulae},
  author = {Venables, William N},
  year = {2018},
  type = {\bibcomputersoftware},
  note = {R package version 0.3.2},
  url = {https://CRAN.R-project.org/package=codingMatrices},
}

@MISC{Wahlbrink2008,
  author = {Wahlbrink, Stephan},
  title = {Eclipse plug-in for {R}: {StatET}},
  year = {2024},
  note = {Version 4.10.0},
  type = {\bibcomputersoftware},
  url = {https://projects.eclipse.org/projects/science.statet}
}

@MISC{Walker2015,
  author = {Schauberger, Philipp and Walker, Alexander},
  title = {{openxlsx}: {R}ead, write and edit {XLSX} files},
  year = {2020},
  note = {R package version 4.2.3},
  type = {\bibcomputersoftware},
  url = {https://CRAN.R-project.org/package=openxlsx}
}

@MISC{Wand2013,
  title = {{KernSmooth}: {F}unctions for kernel smoothing for {W}and \& {J}ones (1995)},
  author = {Wand, Matt},
  year = {2019},
  note = {R package version 2.23-16},
  type = {\bibcomputersoftware},
  url = {https://CRAN.R-project.org/package=KernSmooth},
}

@BOOK{Wickens2015,
  title = {The geometry of multivariate statistics},
  publisher = {Psychology Press},
  year = {2015},
  author = {Wickens, TD},
  address = {New York, NY},
}

@MISC{Wurtz2008,
  author = {W\"{u}rtz, Diethelm and Chalabi, Yohan and Maechler, Martin},
  title = {{timeDate}: {R}metrics: {C}hronological and calendar objects},
  year = {2015},
  note = {R package version 3012.100},
  type = {\bibcomputersoftware},
  url = {https://CRAN.R-project.org/package=timeDate}
}

@BOOK{Wellek2010,
  title = {Statistical Hypotheses of Equivalence and Noninferiority},
  publisher = {Chapman \& Hall/CRC},
  year = {2010},
  author = {Wellek, Stefan},
  edition = {2.},
  address = {Boca Raton, FL},
}

@BOOK{West2006,
  title = {Linear mixed models: {A} practical guide using statistical software},
  publisher = {Chapman \& Hall/CRC},
  year = {2022},
  author = {West, Brady T and Welch, Kathleen B and Ga\l{}ecki, Andrzej T},
  edition = {3.},
  address = {Boca Raton, FL},
  url = {https://public.websites.umich.edu/~bwest/almmussp.html}
}

@ARTICLE{Wickham2007,
  author = {Wickham, Hadley},
  title = {Reshaping data with the reshape package},
  journal = {Journal of Statistical Software},
  year = {2007},
  volume = {21},
  pages = {1--20},
  number = {12},
  url = {https://www.jstatsoft.org/v21/i12/}
}

@BOOK{Wickham2009a,
  title = {{ggplot2}: {E}legant graphics for data analysis},
  publisher = {Springer},
  year = {2024},
  author = {Wickham, Hadley and Sievert, Carson},
  address = {New York, NY},
  edition = {3.},
  url = {https://ggplot2-book.org/}
}

@ARTICLE{Wickham2009b,
  author = {Wickham, Hadley},
  title = {The split-apply-combine strategy for data analysis},
  journal = {Journal of Statistical Software},
  year = {2011},
  volume = {40},
  pages = {1--29},
  number = {1},
  url = {https://www.jstatsoft.org/v40/i01/}
}

@MISC{Wickham2011a,
  title = {{stringr}: {S}imple, Consistent Wrappers for Common String Operations},
  author = {Hadley Wickham},
  year = {2019},
  note = {R package version 1.4.0},
  type = {\bibcomputersoftware},
  url = {https://CRAN.R-project.org/package=stringr}
}

@ARTICLE{Wickham2011b,
  author = {Wickham, Hadley and Cook, Dianne and Hofmann, Heike and Buja, Andreas},
  title = {{tourr}: {A}n {R} Package for exploring multivariate data with projections},
  journal = {Journal of Statistical Software},
  year = {2011},
  volume = {40},
  pages = {1--18},
  number = {2},
  url = {https://www.jstatsoft.org/v40/i02/}
}

@BOOK{Wickham2014a,
  title = {Advanced {R}},
  publisher = {Chapman \& Hall/CRC},
  year = {2019},
  author = {Wickham, Hadley},
  address = {Boca Raton, FL},
  edition = {2.},
  url = {https://adv-r.hadley.nz/}
}

@MISC{Wickham2014b,
  author = {Wickham, Hadley},
  title = {{devtools}: {T}ools to make developing {R} code easier},
  year = {2016},
  note = {R package version 1.12.0},
  type = {\bibcomputersoftware},
  url = {https://CRAN.R-project.org/package=devtools}
}

@MISC{Wickham2014c,
  author = {Wickham, Hadley and Francois, Romain and Henry, Lionel and M\"{u}ller, Kirill},
  title = {{dplyr}: {A} grammar of data manipulation},
  year = {2020},
  note = {R package version 1.0.2},
  type = {\bibcomputersoftware},
  url = {https://CRAN.R-project.org/package=dplyr}
}

@MISC{Wickham2019,
  title = {{forcats}: {T}ools for Working with Categorical Variables (Factors)},
  author = {Hadley Wickham},
  year = {2020},
  note = {R package version 0.5.0},
  type = {\bibcomputersoftware},
  url = {https://CRAN.R-project.org/package=forcats},
}

@MISC{Wickham2014d,
  author = {Wickham, Hadley and Henry, Lionel},
  title = {{tidyr}: {E}asily tidy data with spread and gather functions},
  year = {2020},
  note = {R package version 1.1.2},
  type = {\bibcomputersoftware},
  url = {https://CRAN.R-project.org/package=tidyr}
}

@BOOK{Wickham2014e,
  title = {R packages},
  publisher = {O'Reilly},
  year = {2023},
  author = {Wickham, Hadley},
  address = {Sebastopol, CA},
  edition = {2.},
  url = {https://r-pkgs.org/}
}

@BOOK{Wickham2020,
  title = {Mastering {Shiny}},
  publisher = {O'Reilly},
  year = {2020},
  author = {Wickham, Hadley},
  address = {Sebastopol, CA},
  url = {https://mastering-shiny.org/}
}

@MISC{Wickham2015a,
  author = {Wickham, Hadley and Bryan, Jennifer},
  title = {{readxl}: {R}ead {E}xcel Files},
  year = {2019},
  note = {R package version 1.3.1},
  type = {\bibcomputersoftware},
  url = {https://CRAN.R-project.org/package=readxl}
}

@MISC{Wickham2015b,
  title = {{haven}: {I}mport {SPSS}, {S}tata and {SAS} Files},
  author = {Wickham, Hadley and Miller, Evan},
  year = {2020},
  note = {R package version 2.3.1},
  type = {\bibcomputersoftware},
  url = {https://CRAN.R-project.org/package=haven},
}

@MISC{Wickham2015c,
  author = {Wickham, Hadley and Hester, Jim and Francois, Romain},
  title = {{readr}: {R}ead Tabular Data},
  year = {2020},
  note = {R package version 1.4.0},
  type = {\bibcomputersoftware},
  url = {https://CRAN.R-project.org/package=readr}
}

@BOOK{Wickham2016a,
  title = {R for data science},
  publisher = {O'Reilly},
  year = {2023},
  author = {Wickham, Hadley and Grolemund, Garrett},
  address = {Sebastopol, CA},
  edition = {2.},
  url = {https://r4ds.hadley.nz/}
}

@MISC{Wickham2016b,
  title = {{tidyverse}: {E}asily Install and Load `tidyverse' Packages},
  author = {Wickham, Hadley},
  year = {2019},
  note = {R package version 1.3.0},
  type = {\bibcomputersoftware},
  url = {https://CRAN.R-project.org/package=tidyverse},
}

@MISC{Wilke2016,
  title = {{cowplot}: {S}treamlined Plot Theme and Plot Annotations for ggplot2},
  author = {Wilke, Claus O},
  year = {2020},
  note = {R package version 1.1.1},
  type = {\bibcomputersoftware},
  url = {https://CRAN.R-project.org/package=cowplot},
}

@BOOK{Wilke2019,
  title = {Fundamentals of Data Visualization},
  publisher = {O'Reilly},
  year = {2019},
  author = {Wilke, Claus O},
  address = {Sebastopol, CA},
  url = {https://clauswilke.com/dataviz/}
}

@ARTICLE{Wilkinson73,
  author = {Wilkinson, G N and Rogers, C E},
  title = {Symbolic description of factorial models for analysis of variance},
  journal = {Applied Statistics},
  year = {1973},
  volume = {22},
  pages = {392--399}
}

@BOOK{Wilkinson2005,
  title = {The grammar of graphics},
  publisher = {Springer},
  year = {2005},
  author = {Wilkinson, Leland},
  address = {New York, NY},
  edition = {2.}
}

@BOOK{Wirtz2002,
  title = {Beurteiler\"{u}bereinstimmung und {B}eurteilerreliabilit\"{a}t},
  publisher = {Hogrefe},
  year = {2002},
  author = {Wirtz, Markus and Caspar, Franz},
  address = {G\"{o}ttingen},
}

@BOOK{Wood2006,
  title = {Generalized Additive Models: {A}n Introduction with {R}},
  publisher = {Chapman \& Hall/CRC},
  year = {2017},
  author = {Wood, Simon N},
  address = {Boca Raton, FL},
  edition = {2.}
}

@BOOK{Wollschlaeger2012,
  title = {Grundlagen der {D}atenanalyse mit {R}: {E}ine anwendungsorientierte {E}inf\"{u}hrung},
  publisher = {Springer Spektrum},
  year = {2020},
  author = {Wollschl\"{a}ger, Daniel},
  address = {Berlin},
  edition = {5.}
}

@BOOK{Wollschlaeger2013,
  title = {R kompakt: {D}er schnelle {E}instieg in die {D}atenanalyse},
  publisher = {Springer Spektrum},
  year = {2021},
  edition = {3.},
  author = {Wollschl\"{a}ger, Daniel},
  address = {Berlin},
}

@MISC{Xie2012,
  author = {Xie, Yihui},
  title = {{knitr}: {A} general-purpose package for dynamic report generation in {R}},
  year = {2020},
  note = {R package version 1.30},
  type = {\bibcomputersoftware},
  url = {https://CRAN.R-project.org/package=knitr}
}

@BOOK{Xie2018,
  title = {R Markdown: {T}he Definitive Guide},
  publisher = {Chapman \& Hall/CRC},
  year = {2018},
  author = {Xie, Yihui and Allaire, J J and Grolemund, Garrett},
  address = {Boca Raton, FL},
  url = {https://bookdown.org/yihui/rmarkdown/}
}

@BOOK{Xie2013,
  title = {Dynamic Documents with {R} and knitr},
  publisher = {Chapman \& Hall/CRC},
  year = {2015},
  author = {Xie, Yihui},
  address = {Boca Raton, FL},
  edition = {2.}
}

@BOOK{Xie2020,
  title = {R Markdown Cookbook},
  publisher = {Chapman \& Hall/CRC},
  year = {2020},
  author = {Xie, Yihui and Dervieux, Christophe and Riederer, Emily},
  address = {Boca Raton, FL},
  url={https://bookdown.org/yihui/rmarkdown-cookbook/}
}

@ARTICLE{Xie2019a,
  title = {{TinyTeX}: {A} lightweight, cross-platform, and easy-to-maintain {LaTeX} distribution based on {TeX} {L}ive},
  author = {Xie, Yihui},
  journal = {TUGboat},
  year = {2019},
  volumne = {40},
  number = {1},
  pages = {30--32},
  url = {http://tug.org/TUGboat/Contents/contents40-1.html},
}

@MISC{Xie2019b,
  title = {{tinytex}: {H}elper Functions to Install and Maintain `{TeX} {L}ive', and Compile
`{LaTeX}' Documents},
  author = {Xie, Yihui},
  year = {2020},
  note = {R package version 0.20},
  type = {\bibcomputersoftware},
  url = {https://CRAN.R-project.org/package=tinytex},
}

@ARTICLE{Yan2004,
  author = {Yan, Jun and Fine, Jason P},
  title = {Estimating equations for association structures},
  journal = {Statistics in Medicine},
  year = {2004},
  volume = {23},
  pages = {859--874},
  number = {6},
}

@ARTICLE{Yates1934,
  author = {Yates, Frank},
  title = {The analysis of multiple classifications with unequal numbers in the different classess},
  journal = {Journal of the American Statistical Association},
  year = {1934},
  volume = {29},
  pages = {51--66},
  number = {10},
}

@BOOK{Yee2015,
  author = {Yee, Thomas W},
  title = {Vector Generalized Linear and Additive Models: {W}ith an Implementation in {R}},
  publisher = {Springer},
  year = {2015},
  address = {New York, NY}
}

@ARTICLE{Yee2010,
  author = {Yee, Thomas W},
  title = {The {VGAM} Package for Categorical Data Analysis},
  journal = {Journal of Statistical Software},
  year = {2010},
  volume = {32},
  pages = {1--34},
  number = {10},
  url = {https://www.jstatsoft.org/v32/i10/}
}

@ARTICLE{Zeileis2005,
  author = {Zeileis, Achim},
  title = {{CRAN} Task Views},
  journal = {R News},
  year = {2005},
  volume = {5},
  pages = {39--40},
  number = {1},
  url = {https://CRAN.R-project.org/doc/Rnews/}
}

@ARTICLE{Zeileis2004,
  author = {Zeileis, Achim},
  title = {Econometric Computing with {HC} and {HAC} Covariance Matrix Estimators},
  journal = {Journal of Statistical Software},
  year = {2004},
  volume = {11},
  pages = {1--17},
  number = {10},
  url = {https://www.jstatsoft.org/v11/i10/}
}

@ARTICLE{Zeileis2002,
  author = {Zeileis, Achim and Hothorn, Torsten},
  title = {Diagnostic Checking in Regression Relationships},
  journal = {R News},
  year = {2002},
  volume = {2},
  pages = {7--10},
  number = {3},
  url = {https://CRAN.R-project.org/doc/Rnews/}
}

@ARTICLE{Zeileis2008,
  author = {Zeileis, Achim and Kleiber, Christian and Jackman, Simon},
  title = {Regression Models for Count Data in {R}},
  journal = {Journal of Statistical Software},
  year = {2008},
  volume = {27},
  pages = {1--25},
  number = {8},
  url = {https://www.jstatsoft.org/v27/i08/}
}

@ARTICLE{Zeileis2019,
  author = {Zeileis, A and Fisher, JC and Hornik, K and Ihaka, R and McWhite, CD and Murrell, P and Stauffer, R and Wilke, CO},
  title = {{colorspace}: {A} Toolbox for Manipulating and Assessing Colors and Palettes},
  journal = {arXiv.org E-Print Archive},
  year = {2019},
  volume = {1903.06490},
  url = {https://arxiv.org/abs/1903.06490}
}

@BOOK{Zelterman2015,
  title = {Applied Multivariate Statistics with {R}},
  publisher = {Springer},
  year = {2015},
  author = {Zelterman, Daniel},
  address = {New York, NY},
}

@MISC{Zhu2019,
  title = {{kableExtra}: {C}onstruct Complex Table with `kable' and Pipe Syntax},
  author = {Zhu, Hao},
  year = {2020},
  note = {R package version 1.3.1},
  type = {\bibcomputersoftware},
  url = {https://CRAN.R-project.org/package=kableExtra},
}
