@TECHREPORT{Ager2004,
  author = {Ager, Thomas P},
  title = {An Analysis of Metric Accuracy Definitions and Methods of Computation},
  year = {2004},
  institution = {NIMA InnoVision},
  address = {Springfield, VA},
}

@TECHREPORT{Carlson2021,
  author = {Carlson, Jeffrey J and Beer, Joel N},
  title = {Performance Comparison of Circular and Spherical Error Probable Estimators},
  year = {2021},
  institution = {Sandia National Laboratories},
  address = {Albuquerque, NM},
  number = {SAND2021-3798},
  url = {https://www.osti.gov/biblio/1777092},
  doi = {10.2172/1777092}
}
@TECHREPORT{Army1977,
  author = {{Department of the Army}},
  title = {Engineering Design Handbook Army Weapon Systems Analysis, Part One},
  year = {1977},
  institution = {U.S.\ Army Materiel Development and Readiness Command},
  address = {Alexandria, VA},
  number = {DARCOM-P 706-101},
}

% url = {available on knovel.com}
% url = {http://search.library.wisc.edu/catalog/ocm04146650}

@TECHREPORT{Army1979,
  author = {{Department of the Army}},
  title = {Engineering Design Handbook Army Weapon Systems Analysis, Part Two},
  year = {1979},
  institution = {U.S.\ Army Materiel Development and Readiness Command},
  address = {Alexandria, VA},
  number = {DARCOM-P 706-102},
  url = {http://everyspec.com/ARMY/ARMY-General/DARCOM_P-706-102_PART-2_51048/}
}

@ARTICLE{Beckmann1962,
  author = {Beckmann, Petr},
  title = {Statistical Distribution of the Amplitude and Phase of a Multiply Scattered Field},
  journal = {Journal of Research of the National Bureau of Standards},
  year = {1962},
  volume = {66D},
  number = {3},
  pages = {231--240},
  url = {http://nvlpubs.nist.gov/nistpubs/jres/66D/jresv66Dn3p231_A1b.pdf}
}

@ARTICLE{Beckmann1964,
  author = {Beckmann, Petr},
  title = {Rayleigh Distribution and Its Generalizations},
  journal = {Radio Science Journal of Research NBS/USNC-URSIs},
  year = {1962},
  volume = {68D},
  number = {9},
  pages = {927--932},
  url = {http://nvlpubs.nist.gov/nistpubs/jres/68D/jresv68Dn9p927_A1b.pdf}
}

@ARTICLE{Bell1973,
  author = {Bell, Jeffrey W},
  title = {A note on {CEPs}},
  journal = {IEEE Transactions on Aerospace and Electronic Systems},
  year = {1973},
  volume = {AES-9},
  number = {1},
  pages = {111--112}
}

@ARTICLE{Blischke1966,
  author = {Blischke, Wallace R and Halpin, Alan H},
  title = {Asymptotic properties of some estimators of quantiles of circular error},
  journal = {Journal of the American Statistical Association},
  year = {1966},
  volume = {61},
  number = {315},
  pages = {618--632},
  url = {https://www.jstor.org/stable/2282775}
}

@MISC{Block2014,
  author = {Block, Jeffrey},
  title = {{OnTarget} {TDS}},
  year = {2016},
  note = {Version 6.09},
  type = {\bibcomputersoftware},
  url = {http://www.ontargetshooting.com/}
}

@ARTICLE{Brown1986,
  author = {Brown, R H},
  title = {The Distribution Function of Positive Definite Quadratic Forms in Normal Random Variables},
  journal = {SIAM Journal of Scientific and Statistical Computing},
  year = {1986},
  volume = {7},
  pages = {689--695},
}

@ARTICLE{Cacoullos1984,
  author = {Cacoullos, T and Koutras, M},
  title = {Quadratic Forms in Spherical Random Variables: Generalized Noncentral $\chi^{2}$ Distribution},
  journal = {Naval Research Logistics Quarterly},
  year = {1984},
  volume = {31},
  number = {3},
  pages = {447--461},
}

@ARTICLE{Cadwell1964,
  author = {Cadwell, J H},
  title = {An Approximation to the Integral of the Circular {G}aussian Distribution over an Offset Ellipse},
  journal = {Mathematics of Computation},
  year = {1964},
  volume = {18},
  number = {85},
  pages = {106--112},
  url = {https://www.jstor.org/stable/2003411}
}

@MISC{Canty2009,
  author = {Canty, Angelo and Ripley, Brian D},
  title = {{boot}: {B}ootstrap {R} ({S}-{P}lus) {F}unctions},
  year = {2024},
  note = {R package version 1.3-31},
  type = {\bibcomputersoftware},
  url = {https://cran.R-project.org/package=boot}
}

@ARTICLE{Chew1962,
  author = {Chew, Victor and Boyce, Ray},
  title = {Distribution of Radial Error in Bivariate Elliptical Normal Distributions},
  journal = {Technometrics},
  year = {1962},
  volume = {4},
  number = {1},
  pages = {138--140},
  url = {https://www.jstor.org/stable/1266181}
}

@TECHREPORT{Childs1975,
  author = {Childs, Donald R and Coffey, Dennis M and Travis, Stephen P},
  title = {Error statistics for normal random variables},
  year = {1975},
  institution = {U.S. Naval Underwater Systems Center},
  address = {Newport, Rhode Island},
  number = {AD-A011430},
  url = {https://apps.dtic.mil/sti/citations/ADA011430}
}

@TECHREPORT{Chin1987,
  author = {Chin, G Y},
  title = {Two-Dimensional Measures of Accuracy in Navigational Systems},
  year = {1987},
  institution = {U.S. Department of Transportation, Transportation Systems Center},
  address = {Cambridge, MA},
  number = {DOT-TSC-RSPA-87-1},
  url = {http://ntl.bts.gov/lib/46000/46100/46181/DOT-TSC-RSPA-87-01.pdf}
}

@TECHREPORT{Culpepper1978,
  author = {Culpepper, Gideon A},
  title = {Statistical Analysis of Radial Error in Two Dimensions},
  year = {1978},
  institution = {U.S.\ Army Material Test and Evaluation Directorate},
  address = {White Sands Missile Range, NM},
  number = {AD-A059117},
  url = {https://apps.dtic.mil/sti/citations/ADA059117}
}

@BOOK{Dalgaard2008,
  title = {Introductory {S}tatistics with {R}},
  publisher = {Springer},
  year = {2008},
  author = {Dalgaard, Peter},
  address = {London, UK},
  edition = {2.}
}

@ARTICLE{Davies1973,
  author = {Davies, R B},
  title = {Numerical inversion of a characteristic function},
  journal = {Biometrika},
  year = {1973},
  volume = {60},
  number = {2},
  pages = {415--417},
  url = {https://www.jstor.org/stable/2334555}
}

@ARTICLE{Davies1980,
  author = {Davies, R B},
  title = {Algorithm {AS} 155: The distribution of a linear combination of $\chi^{2}$ random variables},
  journal = {Journal of the Royal Statistical Society, C},
  year = {1980},
  volume = {29},
  pages = {323--333},
  url = {https://www.jstor.org/stable/2346911},
}

@ARTICLE{DiDonato1961a,
  author = {DiDonato, Armido Richard and Jarnagin, Milton Preston},
  title = {Integration of the General Bivariate {G}aussian Distribution over an Offset Circle},
  journal = {Mathematics of Computation},
  year = {1961},
  volume = {15},
  number = {76},
  pages = {375--382},
  url = {https://www.jstor.org/stable/2003026}
}

@TECHREPORT{DiDonato1961b,
  author = {DiDonato, Armido Richard and Jarnagin, Milton Preston},
  title = {Integration of the General Bivariate {G}aussian Distribution over an Offset Ellipse},
  year = {1961},
  institution = {U.S.\ Naval Weapons Laboratory},
  address = {Dahlgren, VA},
  number = {NWL TR 1710},
}

@ARTICLE{DiDonato1962a,
  author = {DiDonato, Armido Richard and Jarnagin, Milton Preston},
  title = {A Method for Computing the Circular Coverage Function},
  journal = {Mathematics of Computation},
  year = {1962},
  volume = {16},
  number = {79},
  pages = {347--355},
  url = {https://www.jstor.org/stable/2004054}
}

@TECHREPORT{DiDonato1962b,
  author = {DiDonato, Armido Richard and Jarnagin, Milton Preston},
  title = {A Method for Computing the Generalized Circular Error Function and the Circular Coverage Function},
  year = {1962},
  institution = {U.S.\ Naval Weapons Laboratory},
  address = {Dahlgren, VA},
  number = {NWL TR 1786},
}

@TECHREPORT{DiDonato1980,
  author = {DiDonato, Armido Richard and Hageman, R K},
  title = {Computation of the integral of the bivariate normal distribution over arbitrary polygons},
  year = {1980},
  institution = {U.S.\ Naval Surface Weapons Center Dahlgren Division},
  address = {Dahlgren, VA},
  number = {NSWC TR 80-166},
  url = {https://apps.dtic.mil/sti/citations/ADA102466}
}

@TECHREPORT{DiDonato1988,
  author = {DiDonato, Armido Richard},
  title = {Integration of the trivariate normal distribution over an offset spehere and an inverse problem},
  year = {1988},
  institution = {U.S.\ Naval Surface Weapons Center Dahlgren Division},
  address = {Dahlgren, VA},
  number = {NSWC TR 87-27},
  url = {https://apps.dtic.mil/sti/citations/ADA198129}
}

@TECHREPORT{DiDonato2004,
  author = {DiDonato, Armido Richard},
  title = {An inverse of the generalized circular error function},
  year = {2004},
  institution = {U.S.\ Naval Surface Weapons Center Dahlgren Division},
  address = {Dahlgren, VA},
  number = {NSWCDD/TR-04/43},
  url = {https://apps.dtic.mil/sti/citations/ADA476368}
}

@TECHREPORT{DiDonato2007,
  author = {DiDonato, Armido Richard},
  title = {Computation of the {C}ircular {E}rror {P}robable ({CEP}) and {C}onfidence {I}ntervals in {B}ombing
{T}ests},
  institution = {U.S.\ Naval Surface Weapons Center Dahlgren Division},
  address = {Dahlgren, VA},
  year = {2007},
  number = {NSWCDD/TR-07/13},
  url = {https://apps.dtic.mil/sti/citations/ADA476368}
}

@ARTICLE{Duchesne2010,
  title = {Computing the distribution of quadratic forms: {F}urther comparisons between the {L}iu-{T}ang-{Z}hang approximation and exact methods},
  author = {Duchesne, Pierre and {Lafaye de Micheaux}, Pierre},
  journal = {Computational Statistics and Data Analysis},
  year = {2010},
  volume = {54},
  number = {4},
  pages = {858--862},
}

@incollection{Eckler2006,
  title = {Target Coverage},
  author = {Eckler, A Ross},
  editor = {Kotz, Samuel and Johnson, Norman Lloyd},
  booktitle = {Encyclopedia of Statistical Science},
  publisher = {Wiley},
  address = {New York NY},
  year = {2006},
  volume = {9}
}

@ARTICLE{Eckler1969,
  title = {A survey of coverage problems associated with point and area targets},
  author = {Eckler, A Ross},
  journal = {Technometrics},
  year = {1969},
  volume = {11},
  number = {3},
  pages = {561--589},
  url = {https://www.jstor.org/stable/1267025}
}

@TECHREPORT{Eckler1972,
  author = {Eckler, A Ross and Burr, Stefan A},
  title = {Mathematical models of target coverage and missile allocation},
  year = {1972},
  institution = {Military Operations Research Society},
  address = {Wright-Patterson AFB, OH},
  number = {AD-A953 517},
  url = {https://apps.dtic.mil/sti/citations/ADA953517}
}

@TECHREPORT{Elder1986,
  author = {Elder, Richard L},
  title = {An examination of circular error probable approximation techniques},
  year = {1986},
  institution = {U.S.\ Air Force Institute of Technology},
  address = {Wright-Patterson AFB, OH},
  number = {AFIT/GST/ENS/86M-6},
  url = {https://apps.dtic.mil/sti/citations/ADA172498}
}

@TECHREPORT{Ethridge1983,
  author = {Ethridge, Ronald A},
  title = {Robust estimation of circular error probable for small samples},
  year = {1983},
  institution = {U.S.\ Air Command and Staff College},
  number = {ACSC 83-0690},
  address = {Maxwell AFB, AL},
}

@TECHREPORT {Evans1985,
  author = {Evans, Michael John and Govindarajulu, Z and Barthoulot, Joseph},
  title = {Estimates of circular error probabilities},
  institution = {U.S.\ Office of Naval Research},
  year = {1985},
  address = {Arlington, VA},
  number = {TR 367},
  url = {https://apps.dtic.mil/sti/citations/ADA163257}
}

@ARTICLE {Evans1987,
  author = {Evans, Michael John and Govindarajulu, Z and Barthoulot, Joseph},
  title = {Estimates of circular error probabilities},
  journal = {Naval Research Logistics (NRL)},
  volume = {34},
  number = {1},
  pages = {87--100},
  year = {1987},
}

@ARTICLE{Farebrother1984,
  author = {Farebrother, R W},
  title = {Algorithm {AS} 204: The distribution of a positive linear combination of $\chi^{2}$ random variables},
  journal = {Journal of the Royal Statistical Society, C},
  year = {1984},
  volume = {33},
  pages = {332--339},
  url = {https://www.jstor.org/stable/2347721},
}

@ARTICLE{Farebrother1990,
  author = {Farebrother, R W},
  title = {Algorithm {AS} 256: The distribution of a quadratic form in normal variables},
  journal = {Journal of the Royal Statistical Society, C},
  year = {1990},
  volume = {39},
  pages = {294--309},
  url = {https://www.jstor.org/stable/2347778},
}

@MISC{Filzmoser2011b,
  author = {Filzmoser, Peter and Gschwandtner, Moritz},
  title = {{mvoutlier}: {M}ultivariate outlier detection based on robust methods},
  year = {2021},
  note = {R package version 2.1.1},
  type = {\bibcomputersoftware},
  url = {https://cran.R-project.org/package=mvoutlier}
}

@TECHREPORT{Gallagher1969,
  author = {Gallagher, James F},
  title = {Some remarks on circular probable error and other statistics of two-dimensional distributions},
  year = {1964},
  institution = {U.S.\ Air Force Directorate of Tactical Analysis},
  address = {San Francisco, CA},
  number = {TR 1107-3-4},
  url = {https://apps.dtic.mil/sti/citations/AD0689780}
}

@TECHREPORT{Gammon2017,
  author = {Gammon, W J},
  title = {Shot Group Statistics for Small Arms Applications},
  year = {2017},
  institution = {U.S.\ Marine Corps Systems Command},
  address = {Quantico, VA},
  number = {6/1/2017},
}

@ARTICLE{Gilliland1962,
  author = {Gilliland, Dennis C},
  title = {Integral of the Bivariate Normal Distribution Over an Offset Circle},
  journal = {Journal of the American Statistical Association},
  year = {1962},
  volume = {57},
  number = {300},
  pages = {758--768},
  url = {https://www.jstor.org/stable/2281806}
}

@ARTICLE{Gilliland1974,
  author = {Gilliland, D and Hansen, E R},
  title = {A note on some series representations of the integral of a bivariate normal distribution over an offset circle},
  journal = {Naval Research Logistics Quarterly},
  year = {1974},
  volume = {51},
  number = {1},
  pages = {207--211}
}

@ARTICLE{Gillis1991,
  author = {Gillis, J T},
  title = {Computation of the circular error probability integral},
  journal = {IEEE Transactions on Aerospace and Electronic Systems},
  year = {1991},
  volume = {27},
  number = {6},
  pages = {906--910},
}

@ARTICLE{Govindarajulu1986,
  author = {Govindarajulu, Z},
  title = {A Note on Circular Error Probabilities},
  journal = {Naval Research Logistics Quarterly},
  year = {1986},
  volume = {33},
  pages = {423--429},
}

@TECHREPORT{Greenwalt1962,
  author = {Greenwalt, Clyde R and Shultz, Melvin E},
  title = {Principles of {E}rror {T}heory and {C}artographic {A}pplications},
  journal = {ACIC Technical Report},
  year = {1962},
  institution = {U.S.\ Aeronautical Chart \& Information Center},
  address = {St.\ Louis, MO},
  number = {ACIC TR-96},
  url = {https://apps.dtic.mil/sti/citations/AD0276978}
}

@ARTICLE{Grubbs1944,
  author = {Grubbs, Frank E},
  title = {On the distribution of the radial standard deviation},
  journal = {Annals of Mathematical Statistics},
  year = {1944},
  volume = {15},
  number = {1},
  pages = {75--81},
  url = {https://projecteuclid.org/euclid.aoms/1177731316}
}

@ARTICLE{Grubbs1964a,
  author = {Grubbs, Frank E},
  title = {Approximate circular and noncircular offset probabilities of hitting},
  journal = {Operations Research},
  year = {1964},
  volume = {12},
  number = {1},
  pages = {51--62},
  url = {https://www.jstor.org/stable/167752}
}

@BOOK{Grubbs1964b,
  author = {Grubbs, Frank E},
  title = {Statistical Measures of Accuracy for Riflemen and Missile Engineers},
  publisher = {Edwards Brothers},
  year = {1964},
  address = {Ann Arbor, ML},
  url = {http://ballistipedia.com/images/3/33/Statistical_Measures_for_Riflemen_and_Missile_Engineers_-_Grubbs_1964.pdf},
}

@ARTICLE{Grubbs1966,
  author = {Grubbs, Frank E and Coon, Helen J and Pearson, Egon S},
  title = {On the Use of {P}atnaik Type Chi Approximations to the Range in Significance Tests},
  journal = {Biometrika},
  year = {1966},
  volume = {53},
  number = {1--2},
  pages = {248--252},
  url = {https://www.jstor.org/stable/2334073}
}

@ARTICLE{Guenther1964,
  author = {Guenther, William C and Terragno, Paul J},
  title = {A Review of the Literature on a Class of Coverage Problems},
  journal = {Annals of Mathematical Statistics},
  year = {1964},
  volume = {35},
  number = {1},
  pages = {232--260},
  url = {https://projecteuclid.org/euclid.aoms/1177703747}
}

@ARTICLE{Harter1960,
  author = {Harter, H Leon},
  title = {Circular Error Probabilities},
  journal = {Journal of the American Statistical Association},
  year = {1960},
  volume = {55},
  number = {292},
  pages = {723--731},
  url = {https://www.jstor.org/stable/2281595}
}

@ARTICLE{Hogg1967,
  author = {Hogg, Robert V},
  title = {Some Observations on Robust Estimation},
  journal = {Journal of the American Statistical Association},
  year = {1967},
  volume = {62},
  number = {320},
  pages = {1179--1186},
  url = {https://www.jstor.org/stable/2283768}
}

@TECHREPORT{Hoover1984,
  author = {Hoover, Wayne E},
  title = {Algorithms for confidence circles, and ellipses},
  year = {1984},
  institution = {U.S.\ National Oceanic and Atmospheric Administration},
  address = {Rockville, MD},
  number = {NOAA TR NOS 107 C\&GS 3},
  url = {https://www.ngs.noaa.gov/PUBS_LIB/Brunswick/NOAATRNOS107CGS3.pdf}
}

@ARTICLE{Hothorn2008a,
  author = {Hothorn, Torsten and Hornik, Kurt and {van de Wiel}, Mark A and Zeileis, Achim},
  title = {Implementing a {C}lass of {P}ermutation {T}ests: {T}he coin {P}ackage},
  journal = {Journal of Statistical Software},
  year = {2008},
  volume = {28},
  pages = {1--23},
  number = {8},
  url = {https://www.jstatsoft.org/v28/i08/}
}

@ARTICLE{Hoyt1947,
  author = {Hoyt, Ray S},
  title = {Probability functions for the modulus and angle of the normal complex variate},
  journal = {Bell System Technical Journal},
  year = {1947},
  volume = {26},
  number = {2},
  pages = {318--359}
}

@ARTICLE{Bodenham2016,
  author = {Bodenham, D A and Adams, N M},
  title = {A comparison of efficient approximations for a weighted sum of chi-squared random variables},
  journal = {Statistics and Computing},
  year = {2016},
  volume = {26},
  pages = {917--928},
  url = {https://doi.org/10.1007/s11222-015-9583-4}
}

@article{Chen2019,
author = {Chen, Tong and Lumley, Thomas},
title = {Numerical evaluation of methods approximating the distribution of a large quadratic form in normal variables},
journal = {Computational Statistics \& Data Analysis},
volume = {139},
pages = {75-81},
year = {2019},
url = {https://doi.org/10.1016/j.csda.2019.05.002}
}

@ARTICLE{Imhof1961,
  author = {Imhof, J P},
  title = {Computing the Distribution of Quadratic Forms in Normal Variables},
  journal = {Biometrika},
  year = {1961},
  volume = {48},
  number = {3--4},
  pages = {419--426},
  url = {https://www.jstor.org/stable/2332763}
}

@ARTICLE{Ignani2010,
  author = {Ignani, Mario},
  title = {Determination of Circular and Spherical Position-Error Bounds in System Performance Analysis},
  journal = {Journal of Guidance, Control, and Dynamics},
  year = {2010},
  volume = {33},
  number = {4},
  pages = {1301--1304},
}

@ARTICLE{Johnson1969,
  author = {Johnson, R and Cottrill, S and Peebles, Peyton},
  title = {A Computation of Radar {SEP} and {CEP}},
  journal = {IEEE Transactions on Aerospace and Electronic Systems},
  year = {1969},
  volume = {AES-5},
  number = {2},
  pages = {353--354},
}

@ARTICLE{Kamat1962,
  author = {Kamat, A R},
  title = {Some more Estimates of Circular Probable Error},
  journal = {Journal of the American Statistical Association},
  year = {1962},
  volume = {57},
  number = {297},
  pages = {191--195},
  url = {https://www.jstor.org/stable/2282450}
}

@ARTICLE{Krempasky2003,
  author = {Krempasky, Jerome J},
  title = {{CEP} equation exact to the fourth order},
  journal = {Navigation: Journal of The Institute of Navigation},
  year = {2003},
  volume = {50},
  number = {3},
  pages = {143--149}
}

@ARTICLE{Kuonen1999,
  author = {Kuonen, Diego},
  title = {Saddlepoint Approximations for Distributions of Quadratic Forms in Normal Variables},
  journal = {Biometrika},
  year = {1999},
  volume = {86},
  number = {4},
  pages = {929--935},
}

@ARTICLE{Lee2012,
  author = {Lee, Joon-Ho, Cho, Sung-Woo, Choi, In-Sik},
  title = {Simple expressions of {CEP} and covariance matrix for localization using {LOB} measurements for circular trajectory},
  journal = {IEICE Electronics Express},
  year = {2012},
  volume = {9},
  pages = {1221--1229}
}

@ARTICLE{Li2009,
  author = {Li, Qizhai and Zhang, Junjian and Dai, Shuai},
  title = {On estimating the non-centrality parameter of a chi-squared distribution},
  journal = {Statistics and Probability Letters},
  year = {2009},
  volume = {79},
  pages = {98--114}
}

@ARTICLE{Liu2009,
  author = {Liu, H and Tang, Y and Zhang, H H},
  title = {A new chi-square approximation to the distribution of non-negative definite quadratic forms in non-central normal variables},
  journal = {Computational Statistics \& Data Analysis},
  year = {2009},
  volume = {53},
  number = {4},
  pages = {853--856},
}

@ARTICLE{Lowe1960,
  author = {Lowe, J R},
  title = {A Table of the Integral of the Bivariate Normal Distribution over an offset circle},
  journal = {Journal of Royal Statistical Society, B},
  year = {1960},
  volume = {22},
  number = {1},
  pages = {177--187},
  url = {https://www.jstor.org/stable/2983887}
}

@TECHREPORT{Mangel1979,
  author = {Mangel, Marc and Quanbeck, David B},
  title = {Integration of a Bivariate Normal Over an Offset Circle},
  year = {1979},
  institution = {U.S.\ Center for Naval Analyses Operations Evaluation Group},
  address = {Alexandria, VA},
  number = {CNA-PP-254},
}

@TECHREPORT{MARC1987,
  author = {{Mathematical Analysis Research Corporation (MARC)}},
  title = {Calculating the {CEP}},
  year = {1987},
  institution = {Jet Propulsion Laboratory},
  address = {Pasadena, CA},
  number = {Technical Memorandum 31},
  url = {https://apps.dtic.mil/sti/citations/ADA196504}
}


@TECHREPORT{Marcum1950,
  author = {Marcum, J I},
  title = {Table of {Q} Functions},
  year = {1950},
  institution = {RAND Corporation},
  address = {Santa Monica, CA},
  number = {RAND M-339},
}

@TECHREPORT{Mertikas1985,
  author = {Mertikas, S P},
  title = {Error Distributions and Accuracy Measures in Navigation: An Overview},
  year = {1985},
  institution = {Canadian Department of Surveying Engineering},
  address = {Fredericton, NB},
  number = {TR 113},
  url = {http://www2.unb.ca/gge/Pubs/TR113.pdf}
}

@MISC{McMillan2008,
  author = {McMillan, Charles and McMillan, Paul},
  title = {Characterizing rifle performance using circular error probable measured via a flatbed scanner},
  year = {2008}
}

@ARTICLE{Moranda1959,
  author = {Moranda, P B},
  title = {Comparison of Estimates of Circular Probable Error},
  journal = {Journal of the American Statistical Association},
  year = {1959},
  volume = {54},
  number = {288},
  pages = {794--780},
  url = {https://www.jstor.org/stable/2282503}
}

@ARTICLE{Moranda1960,
  author = {Moranda, P B},
  title = {Effect of Bias on Estimates of the Circular Probable Error},
  journal = {Journal of the American Statistical Association},
  year = {1960},
  volume = {55},
  number = {292},
  pages = {732--735},
  url = {https://www.jstor.org/stable/2281596}
}

@TECHREPORT{Nelson1988,
  author = {Nelson, William},
  title = {Use of Circular Error Probability in Target Detection},
  year = {1988},
  institution = {MITRE Corporation},
  address = {Bedford, MA},
  number = {ESD-TR-88-109, MTR-10293},
  url = {https://apps.dtic.mil/sti/citations/ADA199190}
}

@TECHREPORT{Nickel1964,
  author = {Nickel, James A and Palmer, James D},
  title = {A closed system model for target acquisition},
  year = {1964},
  institution = {Oklahoma University Research Institute},
  address = {Norman, OK},
  number = {TR 1107-3-4},
  url = {https://apps.dtic.mil/sti/citations/AD0607748}
}

@ARTICLE{Nicholson1974,
  author = {Nicholson, D L and Braddock, Dunn and McDonald, Inc},
  title = {Analytical derivation of an accurate approximation of {CEP} for elliptical error distributions},
  journal = {IEEE Transactions on Vehicular Technology},
  year = {1974},
  volume = {23},
  number = {1},
  pages = {16--19},
}

@ARTICLE{Nuttall1975,
  author = {Nuttall, Albert H},
  title = {Some Integrals Involving the {Q}-{M} Function},
  journal = {IEEE Transactions on Information Theory},
  year = {1975},
  volume = {21},
  number = {1},
  pages = {95--96},
  url = {https://apps.dtic.mil/sti/citations/AD0743066}
}

@ARTICLE{Pal2003,
  author = {Pal, Nabendu and Lim, Wooi K},
  title = {Estimation of circular error probable and measuring the accuracy of a missile system},
  journal = {Statistical Methods},
  year = {2003},
  volume = {5},
  pages = {97--120},
}

@INCOLLECTION{Papp2022,
  author = {Papp, Zoltan and Ro\v{z}nijk, Andrea},
  title = {A Method for Approximating Circular Error Probable},
  booktitle = {Security-Related Advanced Technologies in Critical Infrastructure Protection. {NATO} Science for Peace and Security Series {C}: Environmental Security},
  editor = {Kov\'{a}cs, T\"{u}nde Anna and Nyikes, Zolt\'{a}n and F\"{u}rstner, Igor},
  year = {2022},
  pages = {29--42},
  publisher = {Springer},
  address = {Dordrecht, NL},
  url = {https://doi.org/10.1007/978-94-024-2174-3}
}

@ARTICLE{Paris2009b,
  author = {Paris, Jos{\'e} F},
  title = {Nakagami-q ({H}oyt) distribution function with applications},
  journal = {Electronics Letters},
  year = {2009},
  volume = {45},
  number = {4},
  pages = {210--211},
}

@ARTICLE{Paris2009a,
  author = {Paris, Jos{\'e} F},
  title = {Erratum for ``{N}akagami-q ({H}oyt) distribution function with applications''},
  journal = {Electronics Letters},
  year = {2009},
  volume = {45},
  number = {8},
  pages = {432},
  url = {https://dx.doi.org/10.1049/el.2009.0828},
}

@ARTICLE{Patnaik1949,
  title = {The non-central $\chi^{2}$- and ${F}$-distributions and their applications},
  author = {Patnaik, P B},
  journal = {Biometrika},
  year = {1949},
  volume = {36},
  number = {1--2},
  pages = {202--232},
  url = {https://www.jstor.org/stable/2332542},
}

@ARTICLE{Pearson1959,
  author = {Pearson, Egon S},
  title = {Note on an approximation to the distribution of non-central $\chi^{2}$},
  journal = {Biometrika},
  year = {1959},
  volume = {46},
  number = {3--4},
  pages = {364},
  url = {https://www.jstor.org/stable/2333533}
}

@ARTICLE{Peiliang2019,
  author = {Peiliang, Jing and Yu, Duan and Chao, Han and Ronghua, Guo and Xiaolei, Ning and Yu, Liu},
  title = {Circular Error Probable Estimation Method Based on {G}aussian Mixture Model and Expectation Maximum Algorithm for Non-{G}aussian Distribution},
  journal = {Acta Armamentarii},
  year = {2019},
  volume = {40},
  number = {2},
  pages = {369--376},
  url = {https://doi.org/10.3969/j.issn.1000-1093.2019.02.017}
}

@TECHREPORT{Pesapane1977,
  author = {Pesapane, John and Irvine, Robert B},
  title = {Derivation of {CEP} formula to approximate {RAND}-234 tables},
  year = {1977},
  institution = {U.S.\ Ballistic Missile Evaluation, HQ SAC},
  address = {Offut AFB, NE},
}

@TECHREPORT{Puhek1992,
  author = {Puhek, Peter},
  title = {Sensitivity Analysis of Circular Error Probable Approximation Techniques},
  year = {1992},
  institution = {U.S.\ Air Force Institute of Technology},
  address = {Wright-Patterson AFB, OH},
  number = {AFIT/GOR/ENS/92M-23},
  url = {https://apps.dtic.mil/sti/citations/ADA248105}
}

@ARTICLE{Pyati1993,
  author = {Pyati, V P},
  title = {Computation of the circular error probability ({CEP}) integral},
  journal = {IEEE Transactions on Aerospace and Electronic Systems},
  year = {1993},
  volume = {29},
  number = {3},
  pages = {1023--1024},
}

@TECHREPORT{RAND1952,
  author = {{RAND Corporation}},
  title = {Offset Circle Probabilities},
  year = {1952},
  institution = {RAND Corporation},
  address = {Santa Monica, CA},
  number = {RAND-234},
  url = {https://www.rand.org/pubs/reports/2008/R234.pdf}
}

@MANUAL{RDevelopmentCoreTeam2008b,
  title = {R: {D}ata {I}mport/{E}xport},
  author = {{R Development Core Team}},
  organization = {R Foundation for Statistical Computing},
  address = {Vienna, Austria},
  year = {2025},
  url = {https://cran.R-project.org/doc/manuals/R-data.html}
}

@MANUAL{RDevelopmentCoreTeam2008c,
  title = {R: {A} {L}anguage and {E}nvironment for {S}tatistical {C}omputing},
  author = {{R Development Core Team}},
  organization = {R Foundation for Statistical Computing},
  address = {Vienna, Austria},
  year = {2025},
  url = {https://www.r-project.org/}
}

@MISC{Rizzo2013,
  author = {Rizzo, Maria L and Szekely, Gabor J},
  title = {{energy}: {E}-statistics (energy statistics)},
  year = {2022},
  note = {R package version 1.7-11},
  type = {\bibcomputersoftware},
  url = {https://cran.R-project.org/package=energy}
}

@ARTICLE{Rogers1993,
  author = {Rogers, S R},
  title = {Comments on ``Computation of the circular error probability integral''},
  journal = {IEEE Transactions on Aerospace and Electronic Systems},
  year = {1993},
  volume = {29},
  number = {2},
  pages = {553--555},
}

@MISC{Rousseeuw2009,
  author = {Rousseeuw, Peter J and Croux, Christophe and Todorov, Valentin and Ruckstuhl, Andreas and Salibian-Barrera, Matias and Verbeke, Tobias and Maechler, Martin},
  title = {{robustbase}: {B}asic {R}obust {S}tatistics},
  year = {2024},
  note = {R package version 0.99-4-1},
  type = {\bibcomputersoftware},
  url = {https://cran.R-project.org/package=robustbase}
}

@MISC{RStudioShiny2014,
    title = {{shiny}: {W}eb Application Framework for {R}},
    author = {Chang, Winston and Cheng, Joe and Allaire, J J and Xie, Yihui and McPherson, Jonathan},
    year = {2024},
    note = {R package version 1.11.1},
    type = {\bibcomputersoftware},
    url = {https://cran.R-project.org/package=shiny},
}

@ARTICLE {Sathe1991,
  author = {Sathe, Y S and Joshi, S M and Nabar, S P},
  title = {Bounds for circular error probabilities},
  journal = {Naval Research Logistics (NRL)},
  volume = {38},
  number = {1},
  pages = {33--40},
  year = {1991},
}

@ARTICLE{Saxena2005,
  author = {Saxena, Sharad and Singh, Housila P},
  title = {Some Estimators of the Dispersion Parameter of a Chi-distributed Radial Error with Applications to Target Analysis},
  journal = {Austrial Journal of Statistics},
  year = {2005},
  volume = {34},
  number = {1},
  pages = {51--63},
  url = {http://www.stat.tugraz.at/AJS/ausg051/051Saxena\&Singh.pdf}
}

@TECHREPORT{Schulte1968,
  author = {Schulte, Richard J},
  title = {Four Methods of Solving for the Spherical Error Probable Associated with a Three-Dimensional Normal Distribution},
  year = {1968},
  institution = {Air Force Missile Development Center},
  address = {Holloman AFB, New Mexico},
  number = {MDC-TR-68-12},
  url = {https://apps.dtic.mil/sti/citations/AD0666646}
}

@ARTICLE{Sheil1977,
  author = {Sheil, J and O'Muircheartaigh, I},
  title = {Algorithm {AS} 106: {T}he Distribution of Non-negative Quadratic Forms in Normal Variables},
  journal = {Applied Statistics},
  year = {1977},
  volume = {26},
  number = {1},
  pages = {92--98},
  url = {https://www.jstor.org/stable/2346884},
}

@ARTICLE{Shnidman1995,
  author = {Shnidman, David A},
  title = {Efficient computation of the circular error probability ({CEP}) integral},
  journal = {IEEE Transactions on Automatic Control},
  year = {1995},
  volume = {40},
  number = {8},
  pages = {1472--1474},
}

@TECHREPORT{Shultz1963,
  author = {Shultz, Melvin E},
  title = {Circular error probability of a quantity affected by a bias},
  year = {1963},
  institution = {U.S.\ Aeronautical Chart \& Information Center},
  address = {St.\ Louis, MO},
  number = {ACIC Study Number 6},
  url = {https://apps.dtic.mil/sti/citations/AD0644106}
}

@ARTICLE{Singh1992,
  author = {Singh, Housila P},
  title = {Estimation of {C}ircular {P}robable {E}rror},
  journal = {The Indian Journal of Statistics, Series B},
  year = {1992},
  volume = {54},
  number = {3},
  pages = {289--305},
  url = {https://www.jstor.org/stable/25052751}
}

@ARTICLE{Singh1962,
  author = {Singh, Naunihal},
  title = {Spherical probable error},
  journal = {Nature},
  year = {1962},
  volume = {193},
  number = {4815},
  pages = {605},
  url = {https://www.nature.com/articles/193605a0}
}

@ARTICLE{Singh1970,
  author = {Singh, Naunihal},
  title = {Spherical probable error ({SPE}) and its estimation},
  journal = {Metrika},
  year = {1970},
  volume = {15},
  number = {1},
  pages = {149--163},
}

@BOOK{Siouris1993,
  title = {Aerospace {A}vionics {S}ystems: {A} {M}odern {S}ynthesis, {A}ppendix {A}},
  publisher = {Academic Press},
  year = {1993},
  author = {Siouris, G M},
  address = {New York, NY},
}

@ARTICLE{Skyum1991,
  author = {Skyum, Sven},
  title = {A simple algorithm for computing the smallest enclosing circle},
  journal = {Information Processing Letters},
  year = {1991},
  volume = {37},
  number = {3},
  pages = {121--125},
  url = {https://ojs.statsbiblioteket.dk/index.php/daimipb/article/viewFile/6704/5821}
}

@ARTICLE{Spall1992,
  author = {Spall, James C and Maryak, John L},
  title = {A Feasible {B}ayesian Estimator of Quantiles for Projectile Accuracy From Non-iid Data},
  journal = {Journal of the American Statistical Association},
  volume = {87},
  number = {419},
  pages = {676--681},
  year = {1992},
  url = {https://www.jstor.org/stable/2290205},
}

@ARTICLE{Spall1997,
  author = {Spall, James C},
  title = {System Understanding and Statistical Uncertainty Bounds from Limited Test Data},
  journal = {Johns Hopkins APL Technical Digest},
  volume = {18},
  pages = {473-483},
  year = {1997}
}

@TECHREPORT{Strohm2013,
  author = {Strohm, Luke S},
  title = {An Introduction to the Sources of Delivery Error for Direct-Fire Ballistic Projectiles},
  year = {2013},
  institution = {U.S.\ Army Research Laboratory},
  address = {Aberdeen Proving Ground, MD},
  number = {ARL-TR-6494},
  url = {https://apps.dtic.mil/sti/citations/ADA588846}
}

@INPROCEEDINGS{Yakimenko2013,
  author = {Yakimenko, Oleg},
  title = {Statistical Analysis of Touchdown Error for Self-Guided Aerial Payload Delivery Systems},
  booktitle = {Proceedings of the 22nd {AIAA} Aerodynamic Decelerator Systems Technology Conference},
  year = {2013},
  publisher = {AIAA},
  address = {Daytona Beach, FL},
}

@TECHREPORT{Taub1983a,
  author = {Taub, Andrey E and Thomas, Marlin A},
  title = {Comparison of {CEP} estimators for elliptical normal errors},
  year = {1983},
  institution = {U.S.\ Naval Surface Weapons Center Dahlgren Division},
  address = {Dahlgren, VA},
  number = {ADP001580},
  url = {https://apps.dtic.mil/sti/citations/ADA153828}
}

@TECHREPORT{Taub1983b,
  author = {Taub, Andrey E and Thomas, Marlin A},
  title = {Confidence {I}ntervals for {CEP} {W}hen the {E}rrors Are {E}lliptical {N}ormal},
  year = {1983},
  institution = {U.S.\ Naval Surface Weapons Center Dahlgren Division},
  address = {Dahlgren, VA},
  number = {NSWC/TR-83-205},
  url = {https://apps.dtic.mil/sti/citations/ADA153828}
}

@ARTICLE{Taylor1975,
  author = {Taylor, Malcolm S and Grubbs, Frank E},
  title = {Approximate Probability Distributions for the Extreme Spread},
  journal = {Naval Research Logistics (NRL)},
  volume = {22},
  number = {4},
  pages = {713--719},
  year = {1975},
}

@TECHREPORT{Taylor1975b,
  author = {Taylor, Malcolm S and Grubbs, Frank E},
  title = {Approximate Probability Distributions for the Extreme Spread},
  year = {1975},
  institution = {U.S.\ Ballistic Research Laboratory},
  address = {Aberdeen Proving Ground, MD},
  number = {BRL-MR-2438},
  url = {https://apps.dtic.mil/sti/citations/ADA006586}
}

@ARTICLE{Taylor1977,
  author = {Taylor, Malcolm S},
  title = {On the power of the extreme spread},
  journal = {Journal of Statistical Computation and Simulation},
  volume = {5},
  number = {2},
  pages = {159--166},
  year = {1977},
}

@TECHREPORT{Thomas1973a,
  author = {Thomas, Marlin A and Crigler, John R and Gemmill, Gary W and Taub, Audrey E},
  title = {Tolerance Limits for the {R}ayleigh (Radial Normal) Distribution with Emphasis on the {CEP}},
  year = {1973},
  institution = {U.S.\ Naval Weapons Laboratory},
  address = {Dahlgren, VA},
  number = {NWL TR-2946},
  url = {https://apps.dtic.mil/sti/citations/AD0759989}
}

@TECHREPORT{Thomas1973b,
  author = {Thomas, Marlin A and Crigler, John R and Gemmill, Gary W and Taub, Audrey E},
  title = {Tolerance Limits for the {M}axwell Distribution with Emphasis on the {SEP}},
  year = {1973},
  institution = {U.S.\ Naval Weapons Laboratory},
  address = {Dahlgren, VA},
  number = {NWL TR-2954},
  url = {https://apps.dtic.mil/sti/citations/AD0759989}
}

@ARTICLE{Thomas1974,
  author = {Thomas, Marlin A and Crigler, John R},
  title = {Tolerance Limits for the p-Dimensional Radial Error Distribution},
  journal = {Communications in Statistics},
  volume = {3},
  number = {5},
  pages = {477--483},
  year = {1974},
}

@TECHREPORT{Tongue1993,
  author = {Tongue, William L},
  title = {An Empirical Evaluation of Five Circular Error Probable Estimation Techniques and a Method for Improving Them},
  year = {1993},
  institution = {U.S.\ Air Force Institute of Technology},
  address = {Wright-Patterson AFB, OH},
  number = {AFIT/GST/ENS/93M-13},
  url = {https://apps.dtic.mil/sti/citations/ADA266528}
}

@INPROCEEDINGS{Toussaint1983,
  author = {Toussaint, Godfried T},
  title = {Solving geometric problems with the rotating calipers},
  booktitle = {Proceedings of the 1983 {IEEE} {M}editerranean {E}lectrotechnical {C}onference},
  series = {IEEE MELECON'83},
  year = {1983},
  publisher = {IEEE Computer Society},
  address = {Athens, Greece},
}

@INPROCEEDINGS{Fischer2003,
    author = {Fischer, Kaspar and G\"{a}rtner, Bernd and Kutz, Martin},
    title = {Fast smallest-enclosing-ball computation in high dimensions},
    booktitle = {Proceedings of the 11th {E}uropean Symposium on Algorithms ({ESA})},
    year = {2003},
    pages = {630--641},
    publisher = {Springer},
    url = {https://github.com/hbf/miniball}
}

@ARTICLE{Todd2007,
  author = {Todd, MJ and Yildrim, EA},
  title = {On {K}hachiyan's Algorithm for the Computation of Minimum Volume Enclosing Ellipsoids},
  journal = {Discrete Applied Mathematics},
  volume = {155},
  number = {3},
  pages = {1731--1744},
  year = {2007},
}

@MISC{CGAL2021,
  author = {{Computational Geometry Algorithms Library}},
  title = {{CGAL} Chapter 65: {B}ounding Volumes},
  year = {2021},
  note = {Version 5.3.1},
  type = {\bibcomputersoftware},
  url = {https://doc.cgal.org/Manual/latest/doc_html/cgal_manual/Bounding_volumes/Chapter_main.html}
}

@MISC{Gartner2021,
  author = {G\"{a}rtner, Bernd},
  title = {Miniball: {S}mallest Enclosing Balls of Points},
  year = {2021},
  note = {Version 3.0},
  type = {\bibcomputersoftware},
  url = {https://people.inf.ethz.ch/gaertner/subdir/software/miniball.html}
}

@MISC{Trofimov2015,
  author = {Trofimov, Alexandre},
  title = {Taran},
  year = {2016},
  note = {Version 1.1},
  type = {\bibcomputersoftware},
  url = {http://taran.ptosis.ch/taran.html}
}

@MISC{MacDonald2018,
  author = {MacDonald, Adam},
  title = {ShotMarker},
  year = {2018},
  type = {\bibcomputersoftware},
  url = {https://autotrickler.com/pages/shotmarker}
}

@MISC{SilverMountain2018,
  author = {{Silver Mountain Targets}},
  title = {Silver Mountain e-target},
  year = {2018},
  type = {\bibcomputersoftware},
  url = {https://www.silvermountaintargets.com/}
}

@MISC{SIUS2023,
  author = {{SIUS AG}},
  title = {SIUS e-target},
  year = {2023},
  type = {\bibcomputersoftware},
  url = {https://www.sius.com/}
}

@ARTICLE{vanDiggelen2007,
  author = {{van Diggelen}, Frank},
  title = {Update: {GNSS} Accuracy: Lies, Damn Lies, and Statistics},
  journal = {GPS World},
  year = {2007},
  url = {https://www.gpsworld.com/gpsgnss-accuracy-lies-damn-lies-and-statistics-1134/}
}

@MISC{Wand2013,
  title = {{KernSmooth}: {F}unctions for kernel smoothing for {W}and \& {J}ones (1995)},
  author = {Wand, Matt},
  year = {2025},
  note = {R package version 2.23-26},
  type = {\bibcomputersoftware},
  url = {https://cran.R-project.org/package=KernSmooth},
}

@INPROCEEDINGS{Wang2012,
  author = {Wang, Yanyong and Yang, Gongliu and Yang, Shujie},
  title = {Comprehensive Assessment of Methods for Calculating Circular Error Probability of Inertial Positioning},
  booktitle = {Proceedings of the 2012 {I}nternational {C}onference on {E}lectronics, {C}ommunications and {C}ontrol},
  series = {ICECC '12},
  year = {2012},
  pages = {2190--2194},
  publisher = {IEEE Computer Society},
  address = {Washington, DC, USA},
}

@ARTICLE{Wang2013a,
  author = {Wang, Yanyong and Jia, Xing Rong and Yang, Gongliu and Wang, Yong Miao},
  title = {Comprehensive {CEP} Evaluation Method for Calculating Positioning Precision of Navigation Systems},
  journal = {Applied Mechanics and Materials},
  year = {2013},
  volume = {341--342},
  pages = {955--960},
}

@ARTICLE{Wang2013b,
  author = {Wang, Yanyong and Yang, Gongliu and Jia, Xing Rong and Wang, Yong Miao},
  title = {Comprehensive {TCEP} Assessment of Methods for Calculating {MUAV} Navigation Position Accuracy Based on Visual Measurement},
  journal = {Advanced Materials Research},
  year = {2013},
  volume = {765--767},
  pages = {2224--2228},
}

@ARTICLE{Wang2014,
  author = {Wang, Yanyong and Yang, Gongliu and Yan, Duncai and Wang, Yong Miao and Song, Xiaofei},
  title = {Comprehensive assessment algorithm for calculating {CEP} of positioning accuracy},
  journal = {Measurement},
  year = {2014},
  volume = {47},
  number = {January},
  pages = {255--263},
}

@TECHREPORT{Weaver1990,
  author = {{Weaver Jr.}, Jonathan M},
  title = {System Error Budgets, Target Distributions and Hitting Performance Estimates for General-Purpose Rifles and Sniper Rifles of 7.62 x 51 mm and Larger Calibers},
  year = {1990},
  institution = {U.S.\ Army Material Systems Analysis Activity},
  address = {Aberdeen Proving Ground, MD},
  number = {AMSAA-TR-461},
  url = {https://apps.dtic.mil/sti/citations/ADA228398}
}

@ARTICLE{Weil1954,
  author = {Weil, H},
  title = {The distribution of radial error},
  journal = {Annals of Mathematical Statistics},
  year = {1954},
  volume = {25},
  pages = {168--170},
  url = {https://projecteuclid.org/euclid.aoms/1177728859}
}

@ARTICLE{Weingarten1961,
  author = {Weingarten, Harry and DiDonato, Armido Richard},
  title = {A table of generalized circular error},
  journal = {Mathematics of Computation},
  year = {1961},
  volume = {15},
  number = {74},
  pages = {169--173},
  url = {https://www.jstor.org/stable/2004224}
}

@TECHREPORT{Williams1997,
  author = {Williams, Charles E},
  title = {A comparison of circular error probable estimators for small samples},
  year = {1997},
  institution = {U.S.\ Air Force Institute of Technology},
  address = {Wright-Patterson AFB, OH},
  number = {AFIT/GOA/ENS/97M-14},
  url = {https://apps.dtic.mil/sti/citations/ADA324337}
}

@INPROCEEDINGS{Winkler2012,
  author = {Winkler, Volker and Bickert, Bernhard},
  title = {Estimation of the circular error probability for a {D}opper-beam-sharpening-radar-mode},
  booktitle = {9th {E}uropean Conference on Synthetic Aperture Radar},
  series = {EUSAR},
  year = {2012},
  publisher = {VDE},
  address = {Nuremberg, Germany},
  pages = {368--371}
}

@ARTICLE{Zhang2012,
  author = {Zhang, Jian and An, Weilian},
  title = {Assessing circular error probable when the errors are elliptical normal},
  journal = {Journal of Statistical Computation and Simulation},
  year = {2012},
  volume = {82},
  number = {4},
  pages = {565--586},
}

@ARTICLE{Zimmer2016,
  author = {Zimmer, Zachary and Park, DoHwan and Mathew, Thomas},
  title = {Tolerance limits under normal mixtures: Application to the evaluation of nuclear power plant safety and to the assessment of circular error probable},
  journal = {Computational Statistics and Data Analysis},
  year = {2016},
  volume = {103},
  pages = {304--315},
}
