@MISC{Adler2011,
  author = {Adler, Daniel and Murdoch, Duncan},
  title = {{rgl}: 3{D} visualization device system ({OpenGL})},
  year = {2016},
  note = {R package version 0.96.0},
  type = {\bibcomputersoftware},
  url = {http://CRAN.R-project.org/package=rgl}
}

@BOOK{Adler2009,
  title = {R in a {N}utshell},
  publisher = {O'Reilly},
  year = {2012},
  author = {Adler, Joseph},
  address = {Sebastopol, CA},
  edition = {2.}
}

@BOOK{Agresti2007,
  title = {An {I}ntroduction to {C}ategorical {D}ata {A}nalysis},
  publisher = {Wiley},
  year = {2007},
  author = {Agresti, Alan},
  address = {New York, NY},
  edition = {2.}
}

@BOOK{Aiken1991,
  title = {Multiple regression: {T}esting and interpreting interactions},
  publisher = {Sage},
  year = {1991},
  author = {Aiken, Leona S and West, Stephen G},
  address = {Thousand Oaks, CA}
}

@ARTICLE{Aitkin1978,
  author = {Aitkin, Murray},
  title = {The analysis of unbalanced cross classifications (with discussion)},
  journal = {Journal of the Royal Statistical Society A},
  year = {1978},
  volume = {141},
  pages = {195--223},
  number = {2},
}

@MISC{Allaire2011,
  author = {{RStudio Inc}},
  title = {{RStudio}},
  year = {2016},
  note = {Version 1.0.39},
  type = {\bibcomputersoftware},
  url = {http://www.rstudio.org/}
}

@ARTICLE{Allison2008,
  author = {Allison, P D},
  title = {Convergence Failures in Logistic Regression},
  journal = {SAS Global Forum},
  year = {2008},
  volume = {360},
  pages = {1--11}
}

@MISC{Allaire2010,
  author = {Allaire, J J and Horner, Jeffrey and Marti, Vicent and Porte, Natacha},
  title = {{markdown}: {M}arkdown rendering for {R}},
  year = {2014},
  note = {R package version 0.7},
  type = {\bibcomputersoftware},
  url = {http://CRAN.R-project.org/package=markdown}
}

@ARTICLE{Almiron2009,
  author = {Almiron, Marcelo G and Almeida, Eliana S and Miranda, Marcio N},
  title = {The reliability of statistical functions in four software packages freely used in numerical computation},
  journal = {Brazilian Journal of Probability and Statistics},
  year = {2009},
  volume = {23},
  pages = {107--119},
  number = {2}
}

@INCOLLECTION{Andres1996,
  author = {Andres, Johannes},
  title = {Das allgemeine lineare {M}odell},
  booktitle = {Handbuch {Q}uantitative {M}ethoden},
  publisher = {Beltz},
  year = {1996},
  editor = {Erdfelder, Edgar and Mausfeld, Rainer and Meiser, Thorsten and Rudinger, Georg},
  pages = {185--200},
  address = {Weinheim}
}

@MISC{Arnold2016,
  title = {{ggthemes}: {E}xtra Themes, Scales and Geoms for `ggplot2'},
  author = {Arnold, Jeffrey B},
  year = {2016},
  note = {R package version 3.2.0},
  type = {\bibcomputersoftware},
  url = {https://CRAN.R-project.org/package=ggthemes},
}

@BOOK{Beyersmann2012,
  title = {Competing risks and multistate models with {R}},
  publisher = {Springer},
  year = {2012},
  author = {Beyersmann, Jan and Allignol, Arthur and Schumacher, Martin},
  address = {New York, NY},
}

@BOOK{Bivand2013,
  title = {Applied Spatial Data Analysis with {R}},
  publisher = {Springer},
  year = {2013},
  author = {Bivand, Roger S and Pebesma, Edzer and G\'{o}mez-Rubio, Virgilio},
  address = {New York, NY},
}

@BOOK{Buhner2004,
  title = {Einf\"{u}hrung in die {T}est- und {F}ragebogenkostruktion},
  publisher = {Pearson Studium},
  year = {2004},
  author = {B\"{u}hner, M},
  address = {M\"{u}nchen}
}

@BOOK{Buning1994,
  title = {Nichtparametrische statistische {M}ethoden},
  publisher = {Walter de Gruyter},
  year = {1994},
  author = {B\"{u}ning, Herbert and Trenkler, G\"{o}tz},
  address = {Berlin},
  edition = {2.}
}

@BOOK{Backhaus2008,
  title = {Multivariate {A}nalysemethoden},
  publisher = {Springer},
  year = {2015},
  author = {Backhaus, Klaus and Erichson, Bernd and Plinke, Wulff and Weiber, Rolf},
  address = {Heidelberg},
  edition = {14.}
}

@BOOK{Backhaus2013,
  title = {Fortgeschrittene {M}ultivariate {A}nalysemethoden},
  publisher = {Springer},
  year = {2015},
  author = {Backhaus, Klaus and Erichson, Bernd and Weiber, Rolf},
  address = {Heidelberg},
  edition = {3.}
}

@MISC{Balasubramanian2013,
  title = {{cubature}: {A}daptive multivariate integration over hypercubes},
  author = {Balasubramanian, Narasimhan and Johnson, Steven G},
  year = {2013},
  note = {R package version 1.1-2},
  type = {\bibcomputersoftware},
  url = {http://CRAN.R-project.org/package=cubature},
}

@ARTICLE{Bates2004,
  author = {Bates, Douglas},
  title = {Least {S}quares {C}alculations in {R}},
  journal = {R News},
  year = {2004},
  volume = {4},
  pages = {17--20},
  number = {1},
  url = {http://CRAN.R-project.org/doc/Rnews/}
}

@MISC{Bates2009,
  author = {Bates, Douglas and Maechler, Martin},
  title = {Matrix: {S}parse and {D}ense {M}atrix {C}lasses and {M}ethods},
  year = {2016},
  note = {R package version 1.2-7.1},
  type = {\bibcomputersoftware},
  url = {http://CRAN.R-project.org/package=Matrix}
}

@ARTICLE{Bates2008,
    title = {Fitting Linear Mixed-Effects Models Using {lme4}},
    author = {Bates, Douglas and Maechler, Martin and Bolker, Ben and Walker, Steve},
    journal = {Journal of Statistical Software},
    year = {2015},
    volume = {67},
    number = {1},
    pages = {1--48},
    url = {http://www.jstatsoft.org/article/view/v067i01/}
}

@BOOK{Becker1988,
  title = {The {N}ew {S} Language: {A} {P}rogramming {E}nvironment for {D}ata {A}nalysis and {G}raphics},
  publisher = {Wadsworth \& Brooks/Cole},
  year = {1988},
  author = {Becker, Richard A and Chambers, John M and Wilks, Allan R},
  address = {Pacific Grove, CA}
}

@ARTICLE{Becker1996,
  author = {Becker, Richard A and Cleveland, William S and Shyu, Ming-Jen},
  title = {The {V}isual {D}esign and {C}ontrol of {T}rellis {D}isplays},
  journal = {Journal of Computational and Graphical Statistics},
  year = {1996},
  volume = {5},
  pages = {123--155},
  number = {2}
}

@ARTICLE{Bender2005,
  author = {Bender, Ralf and Augustin, Thomas and Blettner, Maria},
  title = {Generating survival times to simulate {C}ox proportional hazards models},
  journal = {Statistics in Medicine},
  year = {2005},
  volume = {24},
  pages = {1713--1723}
}

@ARTICLE{Bernaards2005,
  author = {Bernaards, Coen A and Jennrich, Robert I},
  title = {Gradient {P}rojection {A}lgorithms and {S}oftware for {A}rbitrary {R}otation {C}riteria in {F}actor {A}nalysis},
  journal = {Educational and Psychological Measurement},
  year = {2005},
  volume = {65},
  number = {5},
  pages = {676--696},
  url = {http://www.stat.ucla.edu/research/gpa/}
}

@MISC{Bliese2006,
  author = {Bliese, Paul},
  title = {{multilevel}: {M}ultilevel {F}unctions},
  year = {2016},
  note = {R package version 2.6},
  type = {\bibcomputersoftware},
  url = {http://CRAN.R-project.org/package=multilevel}
}

@BOOK{Bloomfield2014,
  title = {Using {R} for numerical analysis in science and engineering},
  publisher = {Chapman \& Hall/CRC},
  year = {2014},
  author = {Bloomfield, Victor A},
  address = {Boca Raton, FL},
}

@ARTICLE{Boker2010,
  author = {Boker, Steven and Neale, Michael and Maes, Hermine and Wilde, Michael and Spiegel, Michael and Brick, Timothy and Spies, Jeffrey and Estabrook, Ryne and Kenny, Sarah and Bates, Timothy and Mehta, Paras and Fox, John},
  title = {{OpenMx}: {A}n {O}pen {S}ource {E}xtended {S}tructural {E}quation {M}odeling {F}ramework},
  journal = {Psychometrika},
  year = {2011},
  volume = {66},
  pages = {306--317},
  number = {2},
  publisher = {Psychometric Society},
  url = {http://openmx.psyc.virginia.edu/}
}

@MISC{Borchers2011,
  author = {Borchers, Hans W},
  title = {{pracma}: {P}ractical {N}umerical {M}ath {F}unctions},
  year = {2016},
  note = {R package version 1.9.5},
  type = {\bibcomputersoftware},
  url = {http://CRAN.R-project.org/package=pracma}
}

@MISC{Borg2016,
  title = {{RecordLinkage}: {R}ecord Linkage in {R}},
  author = {Borg, Andreas and Sariyar, Murat},
  year = {2016},
  note = {R package version 0.4-10},
  type = {\bibcomputersoftware},
  url = {https://CRAN.R-project.org/package=RecordLinkage},
}

@BOOK{Bortz2008,
  title = {Kurzgefasste {S}tatistik f\"{u}r die {K}linische {F}orschung},
  publisher = {Springer},
  year = {2008},
  author = {Bortz, J\"{u}rgen and Lienert, Gustav A},
  address = {Heidelberg},
  edition = {3.}
}

@BOOK{Bortz2008a,
  title = {Verteilungsfreie {M}ethoden in der {B}iostatistik},
  publisher = {Springer},
  year = {2010},
  author = {Bortz, J\"{u}rgen and Lienert, Gustav A and Boehnke, Klaus},
  address = {Heidelberg},
  edition = {3.}
}

@BOOK{Bronstein2008,
  title = {Springer {T}aschenbuch der {M}athematik},
  publisher = {Springer},
  year = {2012},
  author = {Bronstein, Ilja N and Semendjajew, Konstantin A},
  address = {Berlin},
  edition = {3.}
}

@MISC{Buerkner2016,
  title = {{brms}: {B}ayesian Regression Models using {S}tan},
  author = {Buerkner, Paul-Christian},
  year = {2016},
  note = {R package version 1.0.1},
  type = {\bibcomputersoftware},
  url = {https://CRAN.R-project.org/package=brms},
}

@MISC{Canty2009,
  author = {Canty, Angelo and Ripley, Brian D},
  title = {{boot}: {B}ootstrap {R} ({S}-{P}lus) {F}unctions},
  year = {2016},
  note = {R package version 1.3-18},
  type = {\bibcomputersoftware},
  url = {http://CRAN.R-project.org/package=boot}
}

@ARTICLE{Carpenter2015,
  author = {Carpenter, Bob and Gelman, Andrew and Lee, Daniel and Goodrich, Ben and Guo, Jiqiang and Hoffman, Matt and Betancourt, Michael and Brubaker, Marcus A and Li, Peter and Riddell, Allen},
  title = {Stan: {A} Probabilistic Programming Language},
  journal = {Journal of Statistical Software},
  year = {In press},
}

@MISC{Carr2009,
  author = {Carr, Dan and Lewin-Koh, Nicholas and Maechler, Martin},
  title = {{hexbin}: {H}exagonal {B}inning {R}outines},
  year = {2015},
  note = {R package version 1.27.1},
  type = {\bibcomputersoftware},
  url = {http://CRAN.R-project.org/package=hexbin}
}

@BOOK{Chambers2008,
  title = {Software for {D}ata {A}nalysis: {P}rogramming with {R}},
  publisher = {Springer},
  year = {2008},
  author = {Chambers, John M},
  address = {New York, NY},
  url = {http://statweb.stanford.edu/~jmc4/Rbook/}
}

@MISC{Champely2007,
  author = {Champely, St\'{e}phane and {De Rosario}, Helios},
  title = {{pwr}: {B}asic functions for power analysis},
  year = {2016},
  note = {R package version 1.2-0},
  type = {\bibcomputersoftware},
  url = {http://CRAN.R-project.org/package=pwr}
}

@MISC{Chang2016,
  author = {Chang, Winston and Luraschi, Javier},
  title = {{profvis}: {I}nteractive Visualizations for Profiling {R} Code},
  year = {2016},
  note = {R package version 0.3.2},
  type = {\bibcomputersoftware},
  url = {https://rstudio.github.io/profvis/}
}

@BOOK{Chang2013,
  title = {R {G}raphics {C}ookbook},
  publisher = {O'Reilly},
  year = {2013},
  author = {Chang, Winston},
  address = {Sebastopol, CA},
  url = {http://www.cookbook-r.com/}
}

@BOOK{Chernik2008,
  title = {Bootstrap {M}ethods: {A} {G}uide for {P}ractitioners and {R}esearchers},
  publisher = {Wiley},
  year = {2008},
  author = {Chernik, Michael R},
  address = {Hoboken, NJ},
  edition = {2.}
}

@BOOK{Chernik2011,
  title = {An {I}ntroduction to {B}ootstrap {M}ethods with {A}pplications to {R}},
  publisher = {Wiley},
  year = {2011},
  author = {Chernik, Michael R and {LaBudde}, Robert A},
  address = {Hoboken, NJ}
}

@BOOK{Chihara2011,
  title = {Mathematical {S}tatistics with {R}esampling and {R}},
  publisher = {Wiley},
  year = {2011},
  author = {Chihara, Laura and Hesterberg, Tim},
  address = {Hoboken, NJ},
  url = {https://sites.google.com/site/chiharahesterberg/}
}

@MISC{Christensen2012,
  title = {{ordinal} -- {R}egression {M}odels for {O}rdinal {D}ata},
  author = {Christensen, Rune Haubo B},
  year = {2015},
  note = {R package version 2015.6-28},
  type = {\bibcomputersoftware},
  url = {http://CRAN.R-project.org/package=ordinal}
}

@MISC{CircleSystems2014,
  author = {{Circle Systems}},
  title = {Stat/{T}ransfer},
  year = {2015},
  note = {Version 13},
  organization = {Circle Systems},
  type = {\bibcomputersoftware},
  url = {http://www.stattransfer.com/}
}

@BOOK{Cleveland1993,
  title = {Visualizing {D}ata},
  author = {Cleveland, William S},
  publisher = {Hobart Press},
  year = {1993},
  address = {Summit, NJ}
}

@MISC{Cowlishaw2008,
  author = {Cowlishaw, Michael F},
  title = {Decimal {A}rithmetic {FAQ} {P}art 1 -- {G}eneral {Q}uestions},
  year = {2008},
  date = {2009-01-20},
  organization = {IBM Corporation},
  url = {http://speleotrove.com/decimal/decifaq1.html}
}

@MISC{CRANtvBayes,
    author = {Park, Jong Hee},
    note = {Version 2016-09-19},
    title = {{CRAN} Task View: {B}ayesian Inference},
    year = {2016},
    url = {http://CRAN.R-project.org/view=Bayesian}
}

@MISC{CRANtvDiffEq,
    author = {Soetaert, Karline and Petzoldt, Thomas},
    note = {Version 2015-07-03},
    title = {{CRAN} Task View: {D}ifferential Equations},
    year = {2015},
    url = {http://CRAN.R-project.org/view=DifferentialEquations}
}

@MISC{CRANtvOptim,
    author = {Theussl, Stefan and Borchers, Hans W},
    note = {Version 2016-06-06},
    title = {{CRAN} Task View: {O}ptimization and Mathematical Programming},
    year = {2016},
    url = {http://CRAN.R-project.org/view=Optimization}
}

@MISC{CRANtvNumerical,
    author = {Borchers, Hans W},
    note = {Version 2016-02-09},
    title = {{CRAN} Task View: {N}umerical Mathematics},
    year = {2016},
    url = {http://CRAN.R-project.org/view=NumericalMathematics}
}

@MISC{CRANtvPsych,
    author = {Mair, Patrick},
    note = {Version 2016-08-18},
    title = {{CRAN} Task View: {P}sychometric Models and Methods},
    year = {2016},
    url = {http://CRAN.R-project.org/view=Psychometrics}
}

@MISC{CRANtvSocSci,
    author = {Fox, John},
    note = {Version 2016-08-18},
    title = {{CRAN} Task View: {S}tatistics for the Social Sciences},
    year = {2016},
    url = {http://CRAN.R-project.org/view=SocialSciences}
}

@MISC{CRANtvOffStat,
    author = {Templ, Matthias},
    note = {Version 2016-06-28},
    title = {{CRAN} Task View: {O}fficial Statistics \& Survey Methodology},
    year = {2016},
    url = {http://CRAN.R-project.org/view=OfficialStatistics}
}

@MISC{CRANtvTimeSeries,
    author = {Hyndman, Rob J},
    note = {Version 2016-09-09},
    title = {{CRAN} Task View: {T}ime Series Analysis},
    year = {2016},
    url = {http://CRAN.R-project.org/view=TimeSeries}
}

@MISC{CRANtvWebTech,
    author = {Leeper, Thomas and Chamberlain, Scott and Mair, Patrick and Ram, Karthik and Gandrud, Christopher},
    note = {Version 2016-08-18},
    title = {{CRAN} Task View: {W}eb Technologies and Services},
    year = {2016},
    url = {http://CRAN.R-project.org/view=WebTechnologies}
}

@MISC{CRANtvProbDistr,
    author = {Dutang, Christophe},
    note = {Version 2016-08-06},
    title = {{CRAN} Task View: {P}robability Distributions},
    year = {2016},
    url = {http://CRAN.R-project.org/view=Distributions}
}

@MISC{CRANtvRobust,
    author = {Maechler, Martin},
    note = {Version 2016-08-29},
    title = {{CRAN} Task View: {R}obust Statistical Methods},
    year = {2016},
    url = {http://CRAN.R-project.org/view=Robust}
}

@MISC{CRANtvSurvival,
    author = {Allignol, Arthur and Latouche, Aurelien},
    note = {Version 2016-08-19},
    title = {{CRAN} Task View: {S}urvival Analysis},
    year = {2016},
    url = {http://CRAN.R-project.org/view=Survival}
}

@MISC{CRANtvCluster,
    author = {Leisch, Friedrich and Gruen, Bettina},
    note = {Version 2016-08-18},
    title = {{CRAN} Task View: {C}luster Analysis \& Finite Mixture Models},
    year = {2016},
    url = {http://CRAN.R-project.org/view=Cluster}
}

@MISC{CRANtvMultivariate,
    author = {Hewson, Paul},
    note = {Version 2015-07-01},
    title = {{CRAN} Task View: {M}ultivariate Statistics},
    year = {2015},
    url = {http://CRAN.R-project.org/view=Multivariate}
}

@MISC{CRANtvMachine,
    author = {Hothorn, Torsten},
    note = {Version 2016-06-24},
    title = {{CRAN} Task View: {M}achine Learning \& Statistical Learning},
    year = {2016},
    url = {http://CRAN.R-project.org/view=MachineLearning}
}

@MISC{CRANtvHPC,
    author = {Eddelbuettel, Dirk},
    note = {Version 2016-08-18},
    title = {{CRAN} Task View: {H}igh-Performance and Parallel Computing with {R}},
    year = {2016},
    url = {http://CRAN.R-project.org/view=HighPerformanceComputing}
}

@MISC{Croissant2011,
  author = {Croissant, Yves},
  title = {{mlogit}: multinomial logit model},
  year = {2013},
  note = {R package version 0.2-4},
  type = {\bibcomputersoftware},
  url = {http://CRAN.R-project.org/package=mlogit}
}

@BOOK{Dalgaard2008,
  title = {Introductory {S}tatistics with {R}},
  publisher = {Springer},
  year = {2008},
  author = {Dalgaard, Peter},
  address = {London, UK},
  edition = {2.},
  url = {http://publicifsv.sund.ku.dk/~pd/ISwR.html}
}

@ARTICLE{Dalgaard2007,
  author = {Dalgaard, Peter},
  title = {New {F}unctions for {M}ultivariate {A}nalysis},
  journal = {R News},
  year = {2007},
  volume = {7},
  pages = {2--7},
  number = {2},
  url = {http://CRAN.R-project.org/doc/Rnews/}
}

@BOOK{Davison1997,
  title = {Bootstrap {M}ethods and {T}heir {A}pplications},
  publisher = {Cambridge University Press},
  year = {1997},
  author = {Davison, Anthony C and Hinkley, David V},
  address = {Cambridge, UK}
}

@ARTICLE{Delignette2015,
  title = {{fitdistrplus}: {A}n {R} Package for Fitting Distributions},
  author = {Delignette-Muller, Marie Laure and Dutang, Christophe},
  journal = {Journal of Statistical Software},
  year = {2015},
  volume = {64},
  number = {4},
  pages = {1--34},
  url = {http://www.jstatsoft.org/v64/i04/},
}

@MISC{DeRosarioMartinez2013,
  title = {{phia}: {P}ost-Hoc Interaction Analysis},
  author = {{De Rosario-Martinez}, Helios},
  year = {2015},
  note = {R package version 0.2-1},
  type = {\bibcomputersoftware},
  url = {http://CRAN.R-project.org/package=phia},
}

@MISC{Dowle2014,
  title = {{data.table}: {E}xtension of data.frame},
  author = {Dowle, M and Short, T and Lianoglou, S and Srinivasan, A},
  year = {2015},
  note = {R package version 1.9.6},
  type = {\bibcomputersoftware},
  url = {http://CRAN.R-project.org/package=data.table},
}

@BOOK{Duchateau2007,
  title = {The frailty model},
  publisher = {Springer},
  year = {2007},
  author = {Duchateau, Luc and Janssen, Paul},
  address = {New York, NY},
}

@BOOK{Duller2008,
  title = {Einf\"{u}hrung in die nichtparametrische {S}tatistik mit {SAS} und {R}},
  publisher = {Physica},
  year = {2008},
  author = {Duller, Christine},
  address = {Heidelberg}
}

@BOOK{Eddelbuettel2013,
  title = {Seamless {R} and {C}++ {I}ntegration with {R}cpp},
  publisher = {Springer},
  year = {2013},
  author = {Eddelbuettel, Dirk},
  address = {New York, NY}
}

@BOOK{Eid2010,
  title = {Statistik und {F}orschungsmethoden},
  publisher = {Beltz},
  year = {2015},
  author = {Eid, Michael and Gollwitzer, Mario and Schmitt, Manfred},
  address = {Weinheim},
  edition = {5.}
}

@ARTICLE{Efron1983,
  author = {Efron, Bradley},
  title = {Estimating the {E}rror {R}ate of a {P}rediction {R}ule: {S}ome {I}mprovements on {C}ross-{V}alidation},
  journal = {Journal of the American Statistical Association},
  year = {1983},
  volume = {78},
  number = {382},
  pages = {316--331},
}

@ARTICLE{Efron1997,
  author = {Efron, Bradley and Tibshirani, Robert},
  title = {Improvements on {C}ross-{V}alidation: {T}he {.632+} {B}ootstrap {M}ethod},
  journal = {Journal of the American Statistical Association},
  year = {1997},
  volume = {92},
  number = {438},
  pages = {548--560},
}

@BOOK{Everitt2005,
  title = {An {R} and {S}-{PLUS} {C}ompanion to {M}ultivariate {A}nalysis},
  publisher = {Springer},
  year = {2005},
  author = {Everitt, Brian S},
  address = {New York, NY},
  url = {http://biostatistics.iop.kcl.ac.uk/publications/everitt/}
}

@MISC{Everitt2011,
  author = {Hothorn, Torsten and Everitt, Brian S},
  title = {{HSAUR3}: {A} {H}andbook of {S}tatistical {A}nalyses {U}sing {R} (3rd {E}dition)},
  year = {2015},
  note = {R package version 1.0-5},
  type = {\bibcomputersoftware},
  url = {http://CRAN.R-project.org/package=HSAUR3}
}

@BOOK{Everitt2011b,
  title = {An {I}ntroduction to {A}pplied {M}ultivariate {A}nalysis with {R}},
  publisher = {Springer},
  year = {2011},
  author = {Everitt, Brian S and Hothorn, Torsten},
  address = {New York, NY}
}

@BOOK{Everitt2006,
  title = {A {H}andbook of {S}tatistical {A}nalysis {U}sing {R}},
  publisher = {Chapman \& Hall/CRC},
  year = {2014},
  author = {Hothorn, Torsten and Everitt, Brian S},
  address = {Boca Raton, FL},
  edition = {3.}
}

@BOOK{Faraway2004,
  title = {Linear {M}odels with {R}},
  publisher = {Chapman \& Hall/CRC},
  year = {2014},
  author = {Faraway, Julian J},
  address = {Boca Raton, FL},
  edition = {2.},
  url = {http://www.maths.bath.ac.uk/~jjf23/LMR/}
}

@BOOK{Faraway2006,
  title = {Extending the {L}inear {M}odel with {R}: {G}eneralized {L}inear, {M}ixed {E}ffects and {N}onparametric {R}egression {M}odels},
  publisher = {Chapman \& Hall/CRC},
  year = {2016},
  author = {Faraway, Julian J},
  address = {Boca Raton, FL},
  edition = {2.},
  url = {http://www.maths.bath.ac.uk/~jjf23/ELM/}
}

@ARTICLE{Faul2009,
  author = {Faul, Franz and Erdfelder, Edgar and Buchner, Axel and Lang, Albert-Georg},
  title = {Statistical power analyses using {G*Power} 3.1: {T}ests for correlation and regression analyses},
  journal = {Behavior Research Methods},
  year = {2009},
  volume = {41},
  pages = {1149--1160},
  number = {4},
  url = {http://www.gpower.hhu.de/}
}

@ARTICLE{Faul2007,
  author = {Faul, Franz and Erdfelder, Edgar and Lang, Albert-Georg and Buchner, Axel},
  title = {G*{P}ower 3: {A} flexible statistical power analysis program for the social, behavioral, and biomedical sciences},
  journal = {Behavior Research Methods},
  year = {2007},
  volume = {39},
  pages = {175--191},
  number = {2},
  url = {http://www.gpower.hhu.de/}
}

@MISC{Fellows2010,
  author = {Fellows, Ian},
  title = {Deducer},
  year = {2015},
  note = {R package version 0.7-9},
  type = {\bibcomputersoftware},
  url = {http://CRAN.R-project.org/package=Deducer}
}

@MISC{Filzmoser2011a,
  author = {Filzmoser, Peter and Fritz, Heinrich and Kalcher, Klaudius},
  title = {{pcaPP}: {R}obust {PCA} by {P}rojection {P}ursuit},
  year = {2016},
  note = {R package version 1.9-61},
  type = {\bibcomputersoftware},
  url = {http://CRAN.R-project.org/package=pcaPP}
}

@MISC{Filzmoser2011b,
  author = {Filzmoser, Peter and Gschwandtner, Moritz},
  title = {{mvoutlier}: {M}ultivariate outlier detection based on robust methods},
  year = {2015},
  note = {R package version 2.0.6},
  type = {\bibcomputersoftware},
  url = {http://CRAN.R-project.org/package=mvoutlier}
}

@BOOK{Fischer2008,
  title = {Lineare {A}lgebra},
  publisher = {Vieweg+Teubner},
  year = {2013},
  author = {Fischer, Gerd},
  address = {Wiesbaden},
  edition = {18.}
}

@MISC{Fox2010,
  author = {Fox, John},
  title = {{polycor}: {P}olychoric and {P}olyserial {C}orrelations},
  year = {2016},
  note = {R package version 0.7-9},
  type = {\bibcomputersoftware},
  url = {http://CRAN.R-project.org/package=polycor}
}

@ARTICLE{Fox2005,
  author = {Fox, John},
  title = {The {R} {C}ommander: {A} basic-statistics graphical user interface to {R}},
  journal = {Journal of Statistical Software},
  year = {2005},
  volume = {14},
  pages = {1--42},
  number = {9},
  url = {http://www.jstatsoft.org/v14/i09/}
}

@ARTICLE{Fox2003,
  author = {Fox, John},
  title = {Effect {D}isplays in {R} for {G}eneralised {L}inear {M}odels},
  journal = {Journal of Statistical Software},
  year = {2003},
  volume = {8},
  pages = {1--27},
  number = {15},
  url = {http://www.jstatsoft.org/v08/i15/}
}

@MISC{Fox2009b,
  author = {Fox, John and Nie, Zhenghua and Byrnes, Jarrett},
  title = {{sem}: {S}tructural {E}quation {M}odels},
  year = {2016},
  note = {R package version 3.1-8},
  type = {\bibcomputersoftware},
  url = {http://CRAN.R-project.org/package=sem}
}

@MISC{Fox2009,
  author = {Fox, John and Weisberg, Sanford},
  title = {{car}: {C}ompanion to {A}pplied {R}egression},
  year = {2016},
  note = {R package version 2.1-3},
  type = {\bibcomputersoftware},
  url = {http://CRAN.R-project.org/package=car}
}

@BOOK{Fox2002,
  title = {An {R} {C}ompanion to {A}pplied {R}egression},
  publisher = {Sage},
  year = {2011},
  author = {Fox, John and Weisberg, Sanford},
  address = {Thousand Oaks, CA},
  edition = {2.},
  url = {http://socserv.socsci.mcmaster.ca/jfox/Books/Companion/}
}

@ARTICLE{Fox2013,
  author = {Fox, John and Friendly, Michael and Weisberg, Sanford},
  title = {Hypothesis Tests for Multivariate Linear Models Using the car Package},
  journal = {The R Journal},
  year = {2013},
  volume = {5},
  pages = {39--52},
  number = {1},
  url = {https://journal.r-project.org/archive/2013-1/}
}

@BOOK{Friedl2006,
  title = {Mastering {R}egular {E}xpressions},
  publisher = {O'Reilly},
  year = {2006},
  author = {Friedl, Jeffrey E F},
  address = {Sebastopol, CA},
  edition = {3.},
  url = {http://regex.info/}
}

@ARTICLE{Friedman2010,
  author = {Friedman, Jerome and Hastie, Trevor and Tibshirani, Robert},
  title = {Regularization {P}aths for {G}eneralized {L}inear {M}odels via {C}oordinate {D}escent},
  journal = {Journal of Statistical Software},
  year = {2010},
  volume = {33},
  pages = {1--22},
  number = {1},
  url = {http://www.jstatsoft.org/v33/i01/}
}

@MISC{Friedrichsmeier2008,
  author = {Friedrichsmeier, Thomas and Ecochard, Pierre and {d'Hardemare}, Adrien},
  title = {{RKWard} {D}ata {A}nalysis {T}ool},
  year = {2016},
  note = {Version 0.6.5},
  type = {\bibcomputersoftware},
  url = {http://rkward.sourceforge.net/}
}

@MISC{Gabry2016,
  title = {{rstanarm}: {B}ayesian Applied Regression Modeling via {S}tan},
  author = {Gabry, Jonah and Goodrich, Ben},
  year = {2016},
  note = {R package version 2.12.1},
  type = {\bibcomputersoftware},
  url = {https://CRAN.R-project.org/package=rstanarm},
}

@BOOK{Galecki2013,
  title = {Linear {M}ixed-{E}ffects {M}odels {U}sing {R}: {A} {S}tep-by-{S}tep {A}pproach},
  publisher = {Springer},
  year = {2013},
  author = {Ga\l{}ecki, Andrzej T and Burzykowski, Tomasz},
  address = {New York, NY}
}

@BOOK{Gandrud2014,
  title = {Reproducible Research with {R} \& {RStudio}},
  publisher = {Chapman \& Hall/CRC},
  year = {2015},
  edition = {2.},
  author = {Gandrud, Christopher},
  address = {Boca Raton, FL},
  url = {http://christophergandrud.github.io/RepResR-RStudio/}
}

@MISC{Garnier2016,
  title = {{viridis}: {D}efault Color Maps from `matplotlib'},
  author = {Garnier, Simon},
  year = {2016},
  note = {R package version 0.3.4},
  type = {\bibcomputersoftware},
  url = {https://CRAN.R-project.org/package=viridis},
}

@ARTICLE{Gentleman2004,
  author = {Gentleman, Robert C and Carey, Vincent J and Bates, Douglas M and Bolstad, Ben and Dettling, Marcel and Dudoit, Sandrine and Ellis, Byron and Gautier, Laurent and Ge, Yongchao and Gentry, Jeff and Hornik, Kurt and Hothorn, Torsten and Huber, Wolfgang and Iacus, Stefano and Irizarry, Rafael and Leisch, Friedrich and Li, Cheng and Maechler, Martin and Rossini, Anthony J and Sawitzki, Gunther and Smith, Colin and Smyth, Gordon and Tierney, Luke and Yang, Jean YH and Zhang, Jianhua},
  title = {Bioconductor: {O}pen software development for computational biology and bioinformatics},
  journal = {Genome Biology},
  year = {2004},
  volume = {5},
  pages = {R80},
  url = {http://genomebiology.com/2004/5/10/R80}
}

@BOOK{Genz2009b,
  title = {Computation of {M}ultivariate {N}ormal and t {P}robabilities. {L}ecture {N}otes in {S}tatistics {V}ol.\ 195},
  publisher = {Springer},
  year = {2009},
  author = {Genz, Alan and Bretz, Frank},
  address = {Heidelberg}
}

@MISC{Genz2009,
  author = {Genz, Alan and Bretz, Frank and Miwa, Tetsuhisa and Mi, Xuefei and Leisch, Friedrich and Scheipl, Fabian and Hothorn, Torsten},
  title = {{mvtnorm}: {M}ultivariate {N}ormal and t {D}istributions},
  year = {2016},
  note = {R package version 1.0-5},
  type = {\bibcomputersoftware},
  url = {http://CRAN.R-project.org/package=mvtnorm}
}

@ARTICLE{Gesmann2011,
  title = {{googleVis}: {I}nterface between {R} and the {G}oogle {V}isualisation {API}},
  author = {Gesmann, Markus and {de Castillo}, Diego},
  journal = {The R Journal},
  year = {2011},
  volume = {3},
  number = {2},
  pages = {40--44},
  url = {http://journal.r-project.org/archive/2011-2/},
}

@MISC{Gilbert2015,
  title = {{numDeriv}: {A}ccurate Numerical Derivatives},
  author = {Gilbert, Paul and Varadhan, Ravi},
  year = {2016},
  note = {R package version 2016.8-1},
  type = {\bibcomputersoftware},
  url = {https://CRAN.R-project.org/package=numDeriv},
}

@MISC{Glynn2005,
  author = {Glynn, Earl F},
  title = {Chart of {R} {C}olors},
  year = {2005},
  date = {2005-05-24},
  organization = {Stowers Institute for Medical Research},
  url = {http://research.stowers-institute.org/efg/R/Color/Chart/}
}

@ARTICLE{Goldberg1991,
  author = {Goldberg, David},
  title = {What {E}very {C}omputer {S}cientist {S}hould {K}now {A}bout {F}loating-{P}oint {A}rithmetic},
  journal = {ACM Computing Surveys},
  year = {1991},
  volume = {23},
  pages = {5--48},
  number = {1},
  url = {http://www.validlab.com/goldberg/paper.pdf}
}

@BOOK{Good2004,
  title = {Permutation, {P}arametric, and {B}ootstrap {T}ests of {H}ypotheses},
  publisher = {Springer},
  year = {2004},
  author = {Good, Philip I},
  address = {New York, NY},
  edition = {3.}
}

@MISC{Goulet2010,
  author = {Goulet, Vincent and Dutang, Christophe and Maechler, Martin and Firth, David and Shapira, Marina and Stadelmann, Michael},
  title = {{expm}: {M}atrix exponential},
  year = {2015},
  note = {R package version 0.999-0},
  type = {\bibcomputersoftware},
  url = {http://CRAN.R-project.org/package=expm}
}

@BOOK{Goyvaerts2012,
  author = {Goyvaerts, Jan and Levithan, Steven},
  title = {Regular Expressions Cookbook},
  year = {2012},
  publisher = {O'Reilly},
  address = {Sebastopol, CA},
  url = {http://www.regular-expressions.info/}
}

@MISC{Graves2012,
  author = {Graves, Spencer and {Dorai-Raj}, Sundar and Francois, Romain},
  title = {{sos}: {S}earch contributed {R} packages, sort by package},
  year = {2013},
  note = {R package version 1.3-8},
  type = {\bibcomputersoftware},
  url = {http://CRAN.R-project.org/package=sos}
}

@ARTICLE{Grolemund2011,
  author = {Grolemund, Garrett and Wickham, Hadley},
  title = {Dates and {T}imes {M}ade {E}asy with lubridate},
  journal = {Journal of Statistical Software},
  year = {2011},
  volume = {40},
  pages = {1--25},
  number = {3},
  url = {http://www.jstatsoft.org/v40/i03/}
}

@ARTICLE{Grothendieck2004,
  author = {Grothendieck, Gabor and Petzoldt, Thomas},
  title = {Date and {T}ime {C}lasses in {R}},
  journal = {R News},
  year = {2004},
  volume = {4},
  pages = {29--32},
  number = {1},
  url = {http://CRAN.R-project.org/doc/Rnews/}
}

@ARTICLE{Grun2008,
  author = {Gruen, Bettina and Leisch, Friedrich},
  title = {{FlexMix} {V}ersion 2: {F}inite mixtures with concomitant variables and varying and constant parameters},
  journal = {Journal of Statistical Software},
  year = {2008},
  volume = {28},
  pages = {1--35},
  number = {4},
  url = {http://www.jstatsoft.org/v28/i04/}
}

@MISC{Halekoh2012,
  author = {Halekoh, Ulrich and H{\o}jsgaard, S{\o}ren]},
  title = {{pbkrtest}: Parametric bootstrap and {K}enward {R}oger based methods for mixed model comparison},
  year = {2014},
  note = {R package version 0.4-1},
  type = {\bibcomputersoftware},
  url = {http://CRAN.R-project.org/package=pbkrtest}
}

@MISC{HarrellJr2008a,
  author = {{Harrell Jr}, Frank E},
  title = {Hmisc: {H}arrell {M}iscellaneous},
  year = {2016},
  note = {R package version 4.0-0},
  type = {\bibcomputersoftware},
  url = {http://CRAN.R-project.org/package=Hmisc}
}

@MISC{HarrellJr2009,
  author = {{Harrell Jr}, Frank E},
  title = {{rms}: {R}egression {M}odeling {S}trategies},
  year = {2016},
  note = {R package version 5.0-0},
  type = {\bibcomputersoftware},
  url = {http://CRAN.R-project.org/package=rms}
}

@BOOK{HarrellJr2001,
  title = {Regression {M}odeling {S}trategies},
  publisher = {Springer},
  year = {2015},
  author = {{Harrell Jr}, Frank E},
  address = {New York},
  edition = {2.},
  url = {http://biostat.mc.vanderbilt.edu/wiki/Main/RmS}
}

@BOOK{Hastie2009,
  title = {The {E}lements of {S}tatistical {L}earning: {D}ata {M}ining, {I}nference, and {P}rediction},
  publisher = {Springer},
  year = {2009},
  author = {Hastie, Trevor and Tibshirani, Robert and Friedman, Jerome},
  address = {New York},
  edition = {2.},
  url = {http://statweb.stanford.edu/~tibs/ElemStatLearn/}
}

@BOOK{Heiberger2009,
  title = {R {T}hrough {Excel}},
  publisher = {Springer},
  year = {2009},
  author = {Heiberger, Richard M and Neuwirth, Erich},
  address = {New York, NY}
}

@MISC{Heinze2013a,
  title = {{logistf}: {F}irth's bias reduced logistic regression},
  author = {Heinze, Georg and Ploner, Meinhard and Dunkler, Daniela and Southworth, Harry},
  year = {2013},
  note = {R package version 1.21},
  type = {\bibcomputersoftware},
  url = {http://CRAN.R-project.org/package=logistf},
}

@MISC{Hendrickx2008,
  author = {Hendrickx, John},
  title = {{perturb}: {T}ools for evaluating collinearity},
  year = {2012},
  note = {R package version 2.05},
  type = {\bibcomputersoftware},
  url = {http://CRAN.R-project.org/package=perturb}
}

@ARTICLE{Herr1986,
  author = {Herr, David G},
  title = {On the History of {ANOVA} in Unbalanced, Factorial Designs: {T}he First 30 Years},
  journal = {American Statistician},
  year = {1986},
  volume = {40},
  pages = {265--270},
  number = {4},
}

@MISC{Hesterberg2014,
  title = {{resample}: {R}esampling functions},
  author = {Hesterberg, Tim},
  year = {2015},
  note = {R package version 0.4},
  type = {\bibcomputersoftware},
  url = {http://CRAN.R-project.org/package=resample},
}

@BOOK{Hoffman2000,
  title = {Visual {I}ntelligence: {H}ow {W}e {C}reate {W}hat {W}e {S}ee},
  publisher = {W.\ W.\ Norton \& Company},
  year = {2000},
  author = {Hoffman, Donald D},
  address = {New York, NY}
}

@ARTICLE{Honaker2011,
  author = {Honaker, James and King, Gary and Blackwell, Matthew},
  title = {Amelia: {II}: {A} {P}rogram for {M}issing {D}ata},
  journal = {Journal of Statistical Software},
  year = {2011},
  volume = {45},
  pages = {1--47},
  number = {7},
  url = {http://www.jstatsoft.org/v45/i07/}
}

@ARTICLE{Hojsgaard2006,
  author = {H{\o}jsgaard, S{\o}ren and Halekoh, Ulrich and Yan, Jun},
  title = {The {R} package geepack for generalized estimating equations},
  journal = {Journal of Statistical Software},
  year = {2006},
  volume = {15},
  pages = {1--11},
  number = {2},
  url = {http://www.jstatsoft.org/v15/i02/}
}

@MANUAL{Hornik2009,
  title = {The {R} {FAQ}},
  author = {Hornik, Kurt},
  year = {2016},
  url = {http://CRAN.R-project.org/doc/FAQ/}
}

@BOOK{HosmerJr2008,
  title = {Applied Survival Analysis: Regression Modeling of Time to Event Data},
  publisher = {Wiley},
  year = {2008},
  author = {{Hosmer Jr}, David W and Lemeshow, Stanley and May, Susanne},
  address = {New York, NY},
  edition = {2.}
}

@ARTICLE{Hothorn2001,
  author = {Hothorn, Torsten and Bretz, Frank and Genz, Alan},
  title = {On {M}ultivariate t and {G}au\ss\ {P}robabilities in {R}},
  journal = {R News},
  year = {2001},
  volume = {1},
  pages = {27--29},
  number = {2},
  url = {http://CRAN.R-project.org/doc/Rnews/}
}

@ARTICLE{Hothorn2008,
  author = {Hothorn, Torsten and Bretz, Frank and Westfall, Peter},
  title = {Simultaneous {I}nference in {G}eneral {P}arametric {M}odels},
  journal = {Biometrical Journal},
  year = {2008},
  volume = {50},
  pages = {346--363},
  number = {3}
}

@ARTICLE{Hothorn2008a,
  author = {Hothorn, Torsten and Hornik, Kurt and {van de Wiel}, Mark A and Zeileis, Achim},
  title = {Implementing a {C}lass of {P}ermutation {T}ests: {T}he coin {P}ackage},
  journal = {Journal of Statistical Software},
  year = {2008},
  volume = {28},
  pages = {1--23},
  number = {8},
  url = {http://www.jstatsoft.org/v28/i08/}
}

@ARTICLE{Huber2015,
  author = {Huber, Wolfgang and Carey, Vincent J and Gentleman, Robert and Anders,  Simon and Carlson,  Marc and Carvalho, Benilton S and {Corrada Bravo}, Hector and Davis, Sean and Gatto, Laurent and Girke, Thomas and Gottardo, Raphael and Hahne,  Florian and Hansen, Kasper D and Irizarry,  Rafael A and Lawrence, Michael and Love, Michael I and MacDonald, James and Obenchain, Valerie and Ole\'{s}, Andrzej K and Pag\`{e}s, Herv\'{e} and Reyes, Alejandro and Shannon, Paul and Smyth, Gordon K and Tenenbaum, Dan and Waldron, Levi and Morgan, Martin},
  title = {Orchestrating high-throughput genomic analysis with {B}ioconductor},
  journal = {Nature Methods},
  year = {2015},
  volume = {12},
  pages = {115--121},
}

@ARTICLE{Ihaka1996,
  author = {Ihaka, Ross and Gentleman, Robert},
  title = {R: {A} {L}anguage for {D}ata {A}nalysis and {G}raphics},
  journal = {Journal of Computational and Graphical Statistics},
  year = {1996},
  volume = {5},
  pages = {299--314},
  number = {3}
}

@MISC{Ihaka2009,
  author = {Ihaka, Ross and Murrell, Paul and Fisher, Jascon C and Zeileis, Achim},
  title = {{colorspace}: {C}olor {S}pace {M}anipulation},
  year = {2015},
  note = {R package version 1.2-6},
  type = {\bibcomputersoftware},
  url = {http://CRAN.R-project.org/package=colorspace}
}

@MISC{James2013a,
  title = {{RSQLite}: {SQLite} interface for {R}},
  author = {Wickham, Hadley and James, David A and Falcon, Seth and {SQLite Authors} and Healy, Liam and {RStudio Inc}},
  year = {2014},
  note = {R package version 1.0.0},
  type = {\bibcomputersoftware},
  url = {http://CRAN.R-project.org/package=RSQLite},
}

@BOOK{James2013b,
  title = {An Introduction to Statistical Learning with Applications in {R}},
  publisher = {Springer},
  year = {2013},
  author = {James, Gareth and Witten, Daniela and Hastie, Trevor and Tibshirani, Robert},
  address = {New York, NY},
  url = {http://www-bcf.usc.edu/~gareth/ISL/}
}

@MISC{Johnson2013,
  title = {{rockchalk}: {R}egression {E}stimation and {P}resentation},
  author = {Johnson, Paul E},
  year = {2016},
  note = {R package version 1.8.101},
  type = {\bibcomputersoftware},
  url = {http://CRAN.R-project.org/package=rockchalk},
}

@MISC{Johnson2015,
  title = {The {NLopt} nonlinear-optimization package},
  author = {Johnson, Steven G},
  year = {2014},
  note = {Version 2.4.2},
  type = {\bibcomputersoftware},
  url = {http://ab-initio.mit.edu/nlopt/},
}

@ARTICLE{Keeling2007,
  author = {Keeling, Kellie B and Pavur, Robert J},
  title = {A {C}omparative {S}tudy of the {R}eliability of {N}ine {S}tatistical {S}oftware {P}ackages},
  journal = {Computational Statistics \& Data Analysis},
  year = {2007},
  volume = {51},
  pages = {3811--3831},
  number = {8}
}

@MISC{Kelley2010,
  author = {Kelley, Ken},
  title = {{MBESS}},
  year = {2016},
  note = {R package version 4.1.0},
  type = {\bibcomputersoftware},
  url = {http://CRAN.R-project.org/package=MBESS}
}

@BOOK{Kirk1995,
  title = {Experimental {D}esign -- {P}rocedures for the {S}ocial {S}ciences},
  publisher = {SAGE},
  year = {2013},
  edition = {4.},
  author = {Kirk, Roger E},
  address = {Thousand Oaks, CA},
  url = {http://www.sagepub.com/kirk/}
}

@BOOK{Klein2003,
  title = {Survival Analysis: {T}echniques for Censored and Truncated Data},
  publisher = {Springer},
  year = {2003},
  author = {Klein, John P and Moeschberger, Melvin L},
  address = {New York, NY},
  edition = {2.}
}

@BOOK{Kleinman2014,
  title = {{SAS} and {R}: {D}ata Management, Statistical Analysis, and Graphics},
  publisher = {Chapman Hall/CRC},
  year = {2014},
  author = {Kleinman, Ken and Horton, Nicholas J},
  address = {Boca Raton, FL},
  edition = {2.},
  url = {http://nhorton.people.amherst.edu/sasr2/}
}

@Manual{Kolde2015,
  title = {{pheatmap}: {P}retty Heatmaps},
  author = {Kolde, Raivo},
  year = {2015},
  type = {\bibcomputersoftware},
  note = {R package version 1.0.8},
  url = {https://CRAN.R-project.org/package=pheatmap},
}

@BOOK{Kruschke2015,
  title = {Doing {B}ayesian Data Analysis: {A} Tutorial with {R}, {JAGS}, and {S}tan},
  publisher = {Academic Press},
  year = {2015},
  author = {Kruschke, John K},
  address = {Amsterdam},
  edition = {2.}
}

@MISC{Kuhn2014,
  title = {{caret}: {C}lassification and Regression Training},
  author = {Kuhn, Max},
  year = {2016},
  note = {R package version 6.0-71},
  type = {\bibcomputersoftware},
  url = {http://CRAN.R-project.org/package=caret},
}

@ARTICLE{Kuhn2008,
  author = {Kuhn, Max},
  title = {Building Predictive Models in {R} Using the caret Package},
  journal = {Journal of Statistical Software},
  year = {2008},
  volume = {28},
  pages = {1--26},
  number = {5},
  url = {http://www.jstatsoft.org/v28/i05/}
}

@BOOK{Kuhn2013,
  title = {Applied predictive modeling},
  publisher = {Springer},
  year = {2013},
  author = {Kuhn, Max and Johnson, Kjell},
  address = {New York, NY},
  url = {http://appliedpredictivemodeling.com/}
}

@ARTICLE{Lemon2006,
  author = {Lemon, Jim},
  title = {Plotrix: a package in the red light district of {R}},
  journal = {R News},
  year = {2006},
  volume = {6},
  pages = {8--12},
  number = {4}
}

@BOOK{Ligges2009,
  title = {Programmieren mit {R}},
  publisher = {Springer Spektrum},
  year = {2016},
  author = {Ligges, Uwe},
  address = {Berlin},
  edition = {4.}
}

@ARTICLE{Ligges2003a,
  author = {Ligges, Uwe},
  title = {R {H}elp {D}esk: {P}ackage {M}anagement},
  journal = {R News},
  year = {2003},
  volume = {3},
  pages = {37--39},
  number = {3},
  url = {http://CRAN.R-project.org/doc/Rnews/}
}

@ARTICLE{Ligges2002,
  author = {Ligges, Uwe},
  title = {R {H}elp {D}esk: {A}utomation of {M}athematical {A}nnotation in {P}lots},
  journal = {R News},
  year = {2002},
  volume = {2},
  pages = {32--34},
  number = {3},
  url = {http://CRAN.R-project.org/doc/Rnews/}
}

@ARTICLE{Ligges2008,
  author = {Ligges, Uwe and Fox, John},
  title = {R {H}elp {D}esk: {H}ow Can {I} Avoid This Loop or Make It Faster?},
  journal = {R News},
  year = {2008},
  volume = {8},
  pages = {46--50},
  number = {1},
  url = {http://CRAN.R-project.org/doc/Rnews/}
}

@BOOK{Long2012,
  title = {Longitudinal {D}ata {A}nalysis for the {B}ehavioral {S}ciences {U}sing {R}},
  publisher = {Sage},
  year = {2012},
  author = {Long, Jeffrey D},
  address = {Thousand Oaks, CA},
  url = {https://studysites.sagepub.com/long/}
}

@MISC{Ludecke2016,
  title = {{sjPlot}: {D}ata Visualization for Statistics in Social Science},
  author = {L\"{u}decke, Daniel},
  year = {2016},
  note = {R package version 1.9.3},
  type = {\bibcomputersoftware},
  url = {http://CRAN.R-project.org/package=sjPlot},
}

@MISC{Lumley2009,
  author = {Lumley, Thomas},
  title = {{leaps}: {R}egression subset selection (using {F}ortran code by {A}lan {M}iller)},
  year = {2009},
  note = {R package version 2.9},
  type = {\bibcomputersoftware},
  url = {http://CRAN.R-project.org/package=leaps}
}

@MISC{Maindonald2009,
  author = {Maindonald, John and Braun, W John},
  title = {{DAAG}: {D}ata {A}nalysis {A}nd {G}raphics data and functions},
  year = {2015},
  note = {R package version 1.22},
  type = {\bibcomputersoftware},
  url = {http://CRAN.R-project.org/package=DAAG}
}

@BOOK{Maindonald2007,
  title = {Data {A}nalysis and {G}raphics {U}sing {R}: {A}n {E}xample-{B}ased {A}pproach},
  publisher = {Cambridge University Press},
  year = {2010},
  author = {Maindonald, John and Braun, W John},
  address = {Cambridge, UK},
  edition = {3.},
  url = {http://maths-people.anu.edu.au/~johnm/r-book/daagur3.html}
}

@BOOK{Mardia1980,
  title = {Multivariate {A}nalysis},
  publisher = {Academic Press},
  year = {1980},
  author = {Mardia, Kanti V and Kent, John T and Bibby, John M},
  address = {London, UK}
}

@BOOK{Maronna2006,
  title = {Robust {S}tatistics: {T}heory and {M}ethods},
  publisher = {Wiley},
  year = {2006},
  author = {Maronna, Ricardo A and Martin, R Douglas and Yohai, Victor J},
  address = {New York, NY}
}

@BOOK{Maxwell2004,
  title = {Designing experiments and analyzing data: {A} model comparison perspective},
  publisher = {Lawrence Erlbaum},
  year = {2004},
  author = {Maxwell, Scott E and Delaney, Harold D},
  address = {Mahwah, NJ},
  edition = {2.}
}

@MISC{Mazerolle2013,
  author = {Mazerolle, Marc J},
  title = {{AICcmodavg}: {M}odel selection and multimodel inference based on {(Q)AIC(c)}},
  year = {2016},
  note = {R package version 2.0-4},
  type = {\bibcomputersoftware},
  url = {http://CRAN.R-project.org/package=AICcmodavg}
}

@BOOK{McElreath2015,
  title = {Statistical Rethinking: {A} {B}ayesian Course with Examples in {R} and {S}tan},
  publisher = {Chapman \& Hall/CRC},
  year = {2015},
  author = {McElreath, Richard},
  address = {Boca Raton, FL},
}

@MISC{McFarlane2016,
  title = {{pandoc}: a universal document converter},
  author = {McFarlane, John},
  year = {2016},
  note = {Version 1.18},
  type = {\bibcomputersoftware},
  url = {http://pandoc.org/},
}

@MISC{Mersmann2013,
  title = {{microbenchmark}: {S}ub microsecond accurate timing functions},
  author = {Mersmann, Olaf},
  year = {2015},
  note = {R package version 1.4-2.1},
  type = {\bibcomputersoftware},
  url = {http://CRAN.R-project.org/package=microbenchmark},
}

@Article{Meyer2014,
    author = {Meyer, Sebastian and Held, Leonhard},
    title = {Power-law models for infectious disease spread},
    journal = {The Annals of Applied Statistics},
    year = {2014},
    volume = {8},
    number = {3},
    pages = {1612--1639},
}

@ARTICLE{Meyer2009a,
  author = {Meyer, David and Hornik, Kurt},
  title = {Generalized and {C}ustomizable {S}ets in {R}},
  journal = {Journal of Statistical Software},
  year = {2009},
  volume = {31},
  pages = {1--27},
  number = {2},
  url = {http://www.jstatsoft.org/v31/i02/}
}

@MISC{Meyer2009b,
  author = {Meyer, David and Zeileis, Achim and Hornik, Kurt},
  title = {{vcd}: {V}isualizing {C}ategorical {D}ata},
  year = {2016},
  note = {R package version 1.4-3},
  type = {\bibcomputersoftware},
  url = {http://CRAN.R-project.org/package=vcd}
}

@MISC{Revolution2014,
  author = {Microsoft},
  title = {Microsoft {R} {O}pen},
  year = {2016},
  note = {3.3.1},
  organization = {Microsoft},
  type = {\bibcomputersoftware},
  url = {http://mran.revolutionanalytics.com/open/}
}

@MISC{Microsoft2016a,
  author = {Microsoft},
  title = {R {T}ools for {V}isual {S}tudio},
  year = {2016},
  note = {Version 0.5},
  organization = {Microsoft},
  type = {\bibcomputersoftware},
  url = {https://www.visualstudio.com/vs/rtvs/}
}

@MISC{Microsoft2016b,
  title = {{checkpoint}: {I}nstall Packages from Snapshots on the Checkpoint Server for
producibility},
  author = {{Microsoft}},
  year = {2016},
  note = {R package version 0.3.18},
  type = {\bibcomputersoftware},
  url = {https://CRAN.R-project.org/package=checkpoint},
}

@BOOK{Miller2002,
  title = {Subset selection in regression},
  publisher = {Chapman \& Hall/CRC},
  year = {2002},
  author = {Miller, Alan J},
  address = {Boca Raton, FL},
  edition = {2.}
}

@BOOK{Mossbrugger2007,
  title = {Testtheorie und {F}ragebogenkostruktion},
  publisher = {Springer},
  year = {2007},
  author = {Mossbrugger, H and Kelava, A},
  address = {Berlin}
}

@BOOK{Muenchen2008,
  title = {R for {SAS} and {SPSS} {U}sers},
  publisher = {Springer},
  year = {2011},
  author = {Muenchen, Robert A},
  address = {New York, NY},
  edition = {2.},
  url = {http://r4stats.com/}
}

@BOOK{Muenchen2010,
  title = {R for {S}tata {U}sers},
  publisher = {Springer},
  year = {2010},
  author = {Muenchen, Robert A and Hilbe, Joseph M},
  address = {New York, NY},
  url = {http://r4stats.com/}
}

@BOOK{Murrell2005,
  title = {R {G}raphics},
  publisher = {Chapman \& Hall/CRC},
  year = {2011},
  author = {Murrell, Paul},
  address = {Boca Raton, FL},
  edition = {2.},
  url = {http://www.stat.auckland.ac.nz/~paul/RG2e/}
}

@ARTICLE{Murrell2000,
  author = {Murrell, Paul and Ihaka, Ross},
  title = {An {A}pproach to {P}roviding {M}athematical {A}nnotations in {P}lots},
  journal = {Journal of Computational and Graphical Statistics},
  year = {2000},
  volume = {9},
  pages = {582--599},
  number = {3}
}

@ARTICLE{Nash2011,
  author = {Nash, John C and Varadhan Ravi},
  title = {Unifying Optimization Algorithms to Aid Software System Users: optimx for {R}},
  journal = {Journal of Statistical Software},
  year = {2011},
  volume = {43},
  pages = {1--14},
  number = {9},
  url = {http://www.jstatsoft.org/v43/i09/}
}

@ARTICLE{Nash2014a,
  author = {Nash, John C},
  title = {On Best Practice Optimization Methods in {R}},
  journal = {Journal of Statistical Software},
  year = {2014},
  volume = {60},
  pages = {1--14},
  number = {2},
  url = {http://www.jstatsoft.org/v60/i02/}
}

@BOOK{Nash2014b,
  title = {Nonlinear parameter optimization using {R} tools},
  publisher = {Wiley},
  year = {2014},
  author = {Nash, John C},
  address = {Chichester, UK},
}

@MISC{Neuwirth2010a,
  author = {Neuwirth, Erich},
  title = {{RColorBrewer}: {ColorBrewer} palettes},
  year = {2014},
  note = {Version 1.1-2},
  type = {\bibcomputersoftware},
  url = {http://CRAN.R-project.org/package=RColorBrewer},
}

@MISC{Neuwirth2010b,
  author = {Neuwirth, Erich},
  title = {{RExcel}},
  year = {2016},
  note = {Version 3.2.16},
  type = {\bibcomputersoftware},
  url = {http://rcom.univie.ac.at/}
}

@ARTICLE{OBrien1985,
  author = {{O'Brien}, Ralph G and Kaiser, Mary K},
  title = {{MANOVA} method for analyzing repeated measures designs: {A}n extensive primer},
  journal = {Psychological Bulletin},
  year = {1985},
  volume = {97},
  pages = {316--333}
}

@MISC{Oksanen2011,
  author = {Oksanen, Jari and Blanchet, F Guillaume and Kindt, Roeland and Legendre, Pierre and Minchin, Peter R and O'Hara, R B and Simpson, Gavin L and Solymos, Peter and Stevens, M Henry H and Wagner, Helene},
  title = {{vegan}: {C}ommunity {E}cology {P}ackage},
  year = {2016},
  note = {R package version 2.4-1},
  type = {\bibcomputersoftware},
  url = {http://CRAN.R-project.org/package=vegan}
}

@ARTICLE{Pau2010,
  author = {Pau, Gregoire and Fuchs, F and Sklyar, Oleg and Boutros, M and Huber, Wolfgang},
  title = {{EBImage} -- an {R} package for image processing with applications to cellular phenotypes},
  journal = {Bioinformatics},
  year = {2010},
  volume = {26},
  pages = {979--981},
  number = {7},
  url = {http://www.bioconductor.org/packages/devel/bioc/html/EBImage.html}
}

@MISC{Peters2013,
  title = {{ipred}: {I}mproved Predictors},
  author = {Peters, Andrea and Hothorn, Torsten},
  year = {2015},
  note = {R package version 0.9-5},
  type = {\bibcomputersoftware},
  url = {http://CRAN.R-project.org/package=ipred},
}

@BOOK{Pinheiro2000,
  title = {Mixed-{E}ffects {M}odels in {S} and {S}-{PLUS}},
  publisher = {Springer},
  year = {2000},
  author = {Pinheiro, Jos\'{e} C and Bates, Douglas M},
  address = {New York, NY}
}

@MISC{Pinheiro2008,
  author = {Pinheiro, Jos\'{e} C and Bates, Douglas M and DebRoy, Saikat and Sarkar, Deepayan and {R Core Team}},
  title = {{nlme}: {L}inear and {N}onlinear {M}ixed {E}ffects {M}odels},
  year = {2016},
  note = {R package version 3.1-128},
  type = {\bibcomputersoftware},
  url = {http://CRAN.R-project.org/package=nlme}
}

@MISC{Plate2004,
  author = {Plate, Tony and Heiberger, Richard},
  title = {{abind}: {C}ombine multi-dimensional arrays},
  year = {2016},
  note = {R package version 1.4-5},
  type = {\bibcomputersoftware},
  url = {http://CRAN.R-project.org/package=abind}
}

@MISC{Ploner2013,
  title = {{coxphf}: {C}ox regression with {F}irth's penalized likelihood},
  author = {Ploner, Meinhard and Heinze, Georg},
  year = {2015},
  note = {R package version 1.11},
  type = {\bibcomputersoftware},
  url = {http://CRAN.R-project.org/package=coxphf},
}

@ARTICLE{Polzehl2007,
  author = {Polzehl, J\"{o}rg and Tabelow, Karsten},
  title = {Adaptive {S}moothing of {D}igital Images: {T}he {R} {P}ackage {adimpro}},
  journal = {Journal of Statistical Software},
  year = {2007},
  volume = {19},
  pages = {1--17},
  number = {1},
  url = {http://www.jstatsoft.org/v19/i01/}
}

@MISC{Poncet2012,
  author = {Poncet, Paul},
  title = {{modeest}: {M}ode {E}stimation},
  year = {2012},
  note = {R package version 2.1},
  type = {\bibcomputersoftware},
  url = {http://CRAN.R-project.org/package=modeest}
}

@MISC{Rcoremembers2009,
  author = {{R Core Team}},
  title = {{foreign}: {R}ead {D}ata {S}tored by {M}initab, {S}, {SAS}, {SPSS}, {S}tata, {S}ystat, {dBase}, \ldots},
  year = {2016},
  note = {R package version 0.8-67},
  type = {\bibcomputersoftware},
  url = {http://CRAN.R-project.org/package=foreign}
}

@MANUAL{RDevelopmentCoreTeam2008,
  title = {R: {L}angugage {D}efinition},
  author = {{R Core Team}},
  organization = {R Foundation for Statistical Computing},
  address = {Vienna, Austria},
  year = {2016},
  url = {http://CRAN.R-project.org/doc/manuals/R-lang.html}
}

@MANUAL{RDevelopmentCoreTeam2008a,
  title = {R: {I}nstallation and {A}dministration},
  author = {{R Core Team}},
  organization = {R Foundation for Statistical Computing},
  address = {Vienna, Austria},
  year = {2016},
  url = {http://CRAN.R-project.org/doc/manuals/R-admin.html}
}

@MANUAL{RDevelopmentCoreTeam2008b,
  title = {R: {D}ata {I}mport/{E}xport},
  author = {{R Core Team}},
  organization = {R Foundation for Statistical Computing},
  address = {Vienna, Austria},
  year = {2016},
  url = {http://CRAN.R-project.org/doc/manuals/R-data.html}
}

@MANUAL{RDevelopmentCoreTeam2008c,
  title = {R: {A} {L}anguage and {E}nvironment for {S}tatistical {C}omputing},
  author = {{R Core Team}},
  organization = {R Foundation for Statistical Computing},
  address = {Vienna, Austria},
  year = {2014},
  url = {http://www.r-project.org/}
}

@MANUAL{RDevelopmentCoreTeam2014,
  title = {Writing {R} {E}xtensions},
  author = {{R Core Team}},
  organization = {R Foundation for Statistical Computing},
  address = {Vienna, Austria},
  year = {2016},
  url = {http://cran.r-project.org/doc/manuals/R-exts.html}
}

@MISC{Revelle2009,
  author = {Revelle, William},
  title = {{psych}: {P}rocedures for {P}sychological, {P}sychometric, and {P}ersonality {R}esearch},
  year = {2016},
  note = {R package version 1.6.9},
  type = {\bibcomputersoftware},
  url = {http://CRAN.R-project.org/package=psych}
}

@MANUAL{RFoundation2013,
  title = {R: {R}egulatory Compliance and Validation Issues -- A Guidance Document for the Use of {R} in Regulated Clinical Trial Environments},
  author = {{R Foundation for Statistical Computing}},
  address = {Vienna, Austria},
  year = {2014},
  url = {http://www.r-project.org/doc/R-FDA.pdf}
}

@MISC{RSIGDB2014,
  title = {{DBI}: {R} Database Interface},
  author = {{R Special Interest Group on Databases} and Wickham, Hadley and M\"{u}ller, Kirill},
  year = {2016},
  note = {R package version 0.5-1},
  type = {\bibcomputersoftware},
  url = {http://CRAN.R-project.org/package=DBI},
}

@MISC{Ripley2012,
  author = {Ripley, Brian D},
  title = {{RODBC}: {ODBC} {D}atabase {A}ccess},
  year = {2016},
  note = {R package version 1.3-14},
  type = {\bibcomputersoftware},
  url = {http://CRAN.R-project.org/package=RODBC}
}

@ARTICLE{Ripley2005,
  author = {Ripley, Brian D},
  title = {Packages and their {M}anagement in {R} 2.1.0},
  journal = {R News},
  year = {2005},
  volume = {5},
  pages = {8--11},
  number = {1},
  url = {http://CRAN.R-project.org/doc/Rnews/}
}

@ARTICLE{Ripley2001,
  author = {Ripley, Brian D},
  title = {Using {D}atabases with {R}},
  journal = {R News},
  year = {2001},
  volume = {1},
  pages = {18--20},
  number = {1},
  url = {http://CRAN.R-project.org/doc/Rnews/}
}

@ARTICLE{Ripley2001a,
  author = {Ripley, Brian D and Hornik, Kurt},
  title = {Date-{T}ime {C}lasses},
  journal = {R News},
  year = {2001},
  volume = {1},
  pages = {8--11},
  number = {2},
  url = {http://CRAN.R-project.org/doc/Rnews/}
}

@MISC{Ripley2008,
  author = {Ripley, Brian D and Murdoch, Duncan},
  title = {R for {W}indows {FAQ}},
  year = {2016},
  date = {2016-09-28},
  url = {http://CRAN.R-project.org/bin/windows/base/rw-FAQ.html}
}

@BOOK{Ritz2009,
  title = {Nonlinear {R}egression with {R}},
  publisher = {Springer},
  year = {2009},
  author = {Ritz, Christian and Streibig, Jens C},
  address = {New York, NY}
}

@ARTICLE{Rizopoulos2006,
  author = {Rizopoulos, Dimitris},
  title = {{ltm}: {A}n {R} package for {L}atent {V}ariable {M}odelling and {I}tem {R}esponse {T}heory {A}nalyses},
  journal = {Journal of Statistical Software},
  year = {2006},
  volume = {17},
  pages = {1--25},
  number = {5},
  url = {http://www.jstatsoft.org/v17/i05/}
}

@MISC{Rizzo2013,
  author = {Rizzo, Maria L and Szekely, Gabor J},
  title = {{energy}: {E}-statistics: {M}ultivariate inference via the energy of data},
  year = {2016},
  note = {R package version 1.7-0},
  type = {\bibcomputersoftware},
  url = {http://CRAN.R-project.org/package=energy}
}

@ARTICLE{Robin2011,
  author = {Robin, Xavier and Turck, Natacha and Hainard, Alexandre and Tiberti, Natalia and Lisacek, Fr\'{e}d\'{e}rique and Sanchez, Jean-Charles and M\"{u}ller, Markus},
  title = {{pROC}: an open-source package for {R} and {S+} to analyze and compare {ROC} curves},
  journal = {BMC Bioinformatics},
  year = {2011},
  volume = {12},
  pages = {77},
  url = {http://web.expasy.org/pROC/}
}

@ARTICLE{Roediger2012,
  author = {R\"{o}diger, Stefan and Friedrichsmeier, Thomas and Prasenjit, Kapat and Michalke, Meik},
  title = {{RKWard}: {A} {C}omprehensive {G}raphical {U}ser {I}nterface and {I}ntegrated {D}evelopment {E}nvironment for {S}tatistical {A}nalysis with {R}},
  journal = {Journal of Statistical Software},
  year = {2011},
  volume = {49},
  pages = {1--34},
  number = {9},
  url = {http://www.jstatsoft.org/v49/i09/}
}

@ARTICLE{Rondeau2012,
  author = {Rondeau, Virginie and Mazroui, Yassin and Gonzalez, Juan R},
  title = {{frailtypack}: An {R} Package for the Analysis of Correlated Survival Data with Frailty Models Using Penalized Likelihood Estimation or Parametrical Estimation},
  journal = {Journal of Statistical Software},
  year = {2012},
  volume = {47},
  pages = {1--28},
  number = {4},
  url = {http://www.jstatsoft.org/v47/i04/}
}

@ARTICLE{Rosseel2012,
  title = {{lavaan}: An {R} {P}ackage for {S}tructural {E}quation {M}odeling},
  author = {Rosseel, Yves},
  journal = {Journal of Statistical Software},
  year = {2012},
  volume = {48},
  number = {2},
  pages = {1--36},
  url = {http://www.jstatsoft.org/v48/i02/},
}

@MISC{Rossini2014,
  author = {Rossini, Anthony J and Maechler, Martin and Sparapani, Rodney A and Eglen, Stephen and Spinu, Vitalie and Heiberger, Richard M},
  title = {{ESS}: {E}macs {S}peaks {S}tatistics},
  year = {2016},
  note = {Version 16.04},
  type = {\bibcomputersoftware},
  url = {http://ess.r-project.org/}
}

@MISC{Rousseeuw2009,
  author = {Rousseeuw, Peter J and Croux, Christophe and Todorov, Valentin and Ruckstuhl, Andreas and Salibian-Barrera, Matias and Verbeke, Tobias and Maechler, Martin},
  title = {{robustbase}: {B}asic {R}obust {S}tatistics},
  year = {2016},
  note = {R package version 0.92-6},
  type = {\bibcomputersoftware},
  url = {http://CRAN.R-project.org/package=robustbase}
}

@ARTICLE{Rousseeuw1990,
  author = {Rousseeuw, Peter J and {van Zomeren}, Bert C},
  title = {Unmasking {M}ultivariate {O}utliers and {L}everage {P}oints},
  journal = {Journal of the American Statistical Association},
  year = {1990},
  volume = {85},
  pages = {633--639},
  number = {411},
  url = {http://www.jstor.org/stable/2289995}
}

@MISC{RStudio2014a,
  title = {{rmarkdown}: {D}ynamic Documents for {R}},
  author = {Allaire, J J and Cheng, Joe and Xie, Yihui and McPherson, Jonathan and Chang, Winston and Allen, Jeff and Wickham, Hadley and Atkins, Aron and Hyndman, Rob},
  year = {2016},
  note = {R package version 1.1},
  type = {\bibcomputersoftware},
  url = {http://rmarkdown.rstudio.com},
}

@MISC{RStudio2014b,
  title = {{ggvis}: {I}nteractive grammar of graphics},
  author = {{RStudio Inc}},
  year = {2016},
  note = {R package version 0.4.3},
  type = {\bibcomputersoftware},
  url = {http://CRAN.R-project.org/package=ggvis},
}

@MISC{RStudioShiny2014,
    title = {shiny: {W}eb Application Framework for {R}},
    author = {Chang, Winston and Cheng, Joe and Allaire, J J and Xie, Yihui and McPherson, Jonathan},
    year = {2016},
    note = {R package version 0.14.2},
    type = {\bibcomputersoftware},
    url = {http://CRAN.R-project.org/package=shiny},
}

@BOOK{Sarkar2008,
  title = {Lattice: {M}ultivariate {D}ata {V}isualization with {R}},
  publisher = {Springer},
  year = {2008},
  author = {Sarkar, Deepayan},
  address = {New York, NY},
  url = {http://lmdvr.r-forge.r-project.org/}
}

@ARTICLE{Shaw1993,
  author = {Shaw, Ruth G and Mitchell-Olds, Thomas},
  title = {{ANOVA} for unbalanced data: {A}n overview},
  journal = {Ecology},
  year = {1993},
  volume = {74},
  pages = {1638--1645},
  number = {6},
}

@BOOK{Shumway2006,
  title = {Time {S}eries {A}nalysis and {I}ts {A}pplications},
  publisher = {Springer},
  year = {2016},
  author = {Shumway, Robert H and Stoffer, David S},
  address = {New York, NY},
  edition = {4.},
  url = {http://www.stat.pitt.edu/stoffer/tsa4/}
}

@MISC{Sievert2015,
  title = {{plotly}: {C}reate Interactive Web Graphics via {P}lotly's {JavaScript} Graphing Library},
  author = {Sievert, Carson and Parmer, Chris and Hocking, Toby and Chamberlain, Scott and Ram, Karthik and Corvellec, Marianne and Despouy, Pedro},
  year = {2016},
  note = {R package version 4.5.2},
  type = {\bibcomputersoftware},
  url = {https://CRAN.R-project.org/package=plotly},
}

@MISC{Signorell2014,
  author = {Signorell, Andri},
  title = {{DescTools}: {T}ools for descriptive statistics},
  year = {2016},
  note = {R package version 0.99.17},
  url = {http://CRAN.R-project.org/package=DescTools}
}

@MISC{Simpson2011,
  author = {Simpson, Gavin L},
  title = {{permute}: {F}unctions for generating restricted permutations of data},
  year = {2012},
  note = {R package version 0.7},
  type = {\bibcomputersoftware},
  url = {http://CRAN.R-project.org/package=permute}
}

@MISC{Sing2007,
  author = {Sing, Tobias and Sander, Oliver and Beerenwinkel, Niko and Lengauer, Thomas},
  title = {{ROCR}: {V}isualizing the performance of scoring classifiers},
  year = {2013},
  note = {R package version 1.0-5},
  type = {\bibcomputersoftware},
  url = {http://CRAN.R-project.org/package=ROCR}
}

@MISC{Smyth2015,
  title = {{statmod}: {S}tatistical Modeling},
  author = {Smyth, Gordon and Hu, Yifang and Dunn, Peter and Phipson, Belinda and Chen, Yunshun},
  year = {2016},
  type = {\bibcomputersoftware},
  note = {R package version 1.4.26},
  url = {https://CRAN.R-project.org/package=statmod},
}

@MISC{Soetaert2009,
  title = {{rootSolve}: Nonlinear root finding, equilibrium and steady-state analysis of ordinary differential equations},
  author = {Soetaert, K},
  year = {2015},
  type = {\bibcomputersoftware},
  note = {R package version 1.6.6},
  url = {https://CRAN.R-project.org/package=rootSolve},
}

@BOOK{Spector2008,
  title = {Data {M}anipulation with {R}},
  publisher = {Springer},
  year = {2008},
  author = {Spector, Phil},
  address = {New York, NY}
}

@MISC{Stan2015,
  author = {{Stan Development Team}},
  title = {Stan: {A} {C}++ Library for Probability and Sampling},
  year = {2016},
  note = {Version 2.12.0},
  type = {\bibcomputersoftware},
  url = {http://mc-stan.org/}
}

@BOOK{Strang2003,
  title = {Lineare {A}lgebra},
  publisher = {Springer},
  year = {2003},
  author = {Strang, Gilbert},
  address = {Berlin}
}

@ARTICLE{Su2011,
  author = {Su, Yu-Sung and Gelman, Andrew and Hill, Jennifer and Yajima, Masanao},
  title = {Multiple Imputation with Diagnostics (mi) in {R}: {O}pening Windows into the Black Box},
  journal = {Journal of Statistical Software},
  year = {2011},
  volume = {45},
  pages = {1--67},
  number = {2},
  url = {http://www.jstatsoft.org/v45/i02/}
}

@MISC{TempleLang2009,
  author = {{Temple Lang}, Duncan and Swayne, Debby and Wickham, Hadley and Lawrence, Michael},
  title = {{rggobi}: {I}nterface between {R} and {GGobi}},
  year = {2014},
  note = {R package version 2.1.20},
  type = {\bibcomputersoftware},
  url = {http://CRAN.R-project.org/package=rggobi}
}

@MISC{Therneau2012a,
  author = {Therneau, Terry},
  title = {{survival}: {S}urvival Analysis},
  year = {2016},
  note = {R package version 2.39-5},
  type = {\bibcomputersoftware},
  url = {http://CRAN.R-project.org/package=survival}
}

@MISC{Therneau2012b,
  author = {Therneau, Terry},
  title = {{coxme}: {M}ixed {E}ffects {C}ox {M}odels},
  year = {2015},
  note = {R package version 2.2-5},
  type = {\bibcomputersoftware},
  url = {http://CRAN.R-project.org/package=coxme}
}

@MISC{TIBCOSoftwareInc2008,
  author = {{{TIBCO} {S}oftware {I}nc}},
  title = {{TIBCO} Enterprise Runtime for {R} ({TERR})},
  year = {2016},
  note = {Version 4.1},
  organization = {TIBCO Software Inc.},
  type = {\bibcomputersoftware},
  url = {http://spotfire.tibco.com/}
}

@MISC{OpenAnalytics2013,
  author = {{OpenAnalytics BVBA}},
  title = {Architect},
  year = {2015},
  note = {Version 0.9.8},
  organization = {OpenAnalytics BVBA},
  type = {\bibcomputersoftware},
  url = {http://www.openanalytics.eu/architect/}
}

@MISC{Tingley2011,
  author = {Tingley, Dustin and Yamamoto, Teppei and Keele, Luke and Imai, Kosuke},
  title = {{mediation}: {R} {P}ackage for {C}ausal {M}ediation {A}nalysis},
  year = {2015},
  note = {R package version 4.4.5},
  type = {\bibcomputersoftware},
  url = {http://CRAN.R-project.org/package=mediation}
}

@ARTICLE{Tofinghi2011,
  author = {Tofighi, Davood and MacKinnon, David P},
  title = {{RMediation}: {A}n {R} package for mediation analysis confidence intervals},
  journal = {Behavior Research Methods},
  year = {2011},
  volume = {43},
  pages = {692--700}
}

@BOOK{Unwin2015,
  title = {Graphical Data Analysis with {R}},
  publisher = {Chapman \& Hall/CRC},
  year = {2015},
  author = {Unwin, Antony},
  address = {Boca Raton, FL},
  url = {http://www.gradaanwr.net/}
}

@MISC{Ushey2016,
  title = {{packrat}: {A} Dependency Management System for Projects and their {R} Package
pendencies},
  author = {Ushey, Kevin and McPherson, Jonathan and Cheng, Joe and Atkins, Aron and Allaire, JJ},
  year = {2016},
  note = {R package version 0.4.8-1},
  type = {\bibcomputersoftware},
  url = {https://CRAN.R-project.org/package=packrat},
}

@MISC{Urbanek2014,
  title = {Cairo: {R} graphics device using cairo graphics library for creating high-quality bitmap ({PNG}, {JPEG}, {TIFF}), vector ({PDF}, {SVG}, {PostScript}) and display ({X}11 and {W}in32) output},
  author = {Urbanek, Simon and Horner, Jeffrey},
  year = {2015},
  note = {R package version 1.5-9},
  type = {\bibcomputersoftware},
  url = {http://CRAN.R-project.org/package=Cairo},
}

@ARTICLE{vanBuuren2011,
  author = {{van Buuren}, Stef and Groothuis-Oudshoorn, Karin},
  title = {{MICE}: {M}ultivariate {I}mputation by {C}hained {E}quations in {R}},
  journal = {Journal of Statistical Software},
  year = {2011},
  volume = {45},
  pages = {1--67},
  number = {3},
  url = {http://www.jstatsoft.org/v45/i03/}
}

@BOOK{vanBuuren2012,
  title = {Flexible Imputation of Missing Data},
  publisher = {Chapman \& Hall/CRC},
  year = {2012},
  author = {{van Buuren}, Stef},
  address = {Boca Raton, FL},
}

@Article{vanderLoo2014,
    title = {The stringdist package for approximate string matching},
    author = {{van der Loo}, M P J},
    year = {2014},
    journal = {The R Journal},
    volume = {6},
    issue = {1},
    url = {http://CRAN.R-project.org/package=stringdist},
    pages = {111--122},
}

@BOOK{Venables2002,
  title = {Modern {A}pplied {S}tatistics with {S}},
  publisher = {Springer},
  year = {2002},
  author = {Venables, William N and Ripley, Brian D},
  address = {New York, NY},
  edition = {4.},
  url = {http://www.stats.ox.ac.uk/pub/MASS4/}
}

@BOOK{Venables2000,
  title = {S {P}rogramming},
  publisher = {Springer},
  year = {2000},
  author = {Venables, William N and Ripley, Brian D},
  address = {New York, NY},
  url = {http://www.stats.ox.ac.uk/pub/MASS3/Sprog/}
}

@MANUAL{Venables2008,
  title = {An introduction to {R}},
  author = {Venables, William N and Smith, David M and Gentleman, R and Ihaka, Ross and Maechler, M and {R Core Team}},
  organization = {R Foundation for Statistical Computing},
  address = {Vienna, Austria},
  year = {2016},
  url = {http://CRAN.R-project.org/doc/manuals/R-intro.html}
}

@MISC{Venables2016,
  title = {{codingMatrices}: {A}lternative Factor Coding Matrices for Linear Model Formulae},
  author = {Venables, William N},
  year = {2016},
  type = {\bibcomputersoftware},
  note = {R package version 0.2.1},
  url = {https://CRAN.R-project.org/package=codingMatrices},
}

@MISC{Wurtz2008,
  author = {W\"{u}rtz, Diethelm and Chalabi, Yohan and Maechler, Martin},
  title = {{timeDate}: {R}metrics -- {C}hronological and {C}alendar {O}bjects},
  year = {2015},
  note = {R package version 3012.100},
  type = {\bibcomputersoftware},
  url = {http://CRAN.R-project.org/package=timeDate}
}

@MISC{Wahlbrink2008,
  author = {Wahlbrink, Stephan},
  title = {Eclipse {P}lug-{I}n for {R}: {StatET}},
  year = {2016},
  note = {Version 3.5.1},
  type = {\bibcomputersoftware},
  url = {http://www.walware.de/goto/statet}
}

@MISC{Walker2015,
  author = {Walker, Alexander},
  title = {{openxlsx}: {R}ead, write and edit {XLSX} files},
  year = {2015},
  note = {R package version 3.0.0},
  type = {\bibcomputersoftware},
  url = {http://CRAN.R-project.org/package=openxlsx}
}

@MISC{Wand2013,
  title = {{KernSmooth}: {F}unctions for kernel smoothing for {W}and \& {J}ones (1995)},
  author = {Wand, Matt},
  year = {2015},
  note = {R package version 2.23-15j},
  type = {\bibcomputersoftware},
  url = {http://CRAN.R-project.org/package=KernSmooth},
}

@BOOK{West2006,
  title = {Linear {M}ixed {M}odels: {A} {P}ractical {G}uide {U}sing {S}tatistical {S}oftware},
  publisher = {Chapman \& Hall/CRC},
  year = {2014},
  author = {West, Brady T and Welch, Kathleen B and Ga\l{}ecki, Andrzej T},
  edition = {2.},
  address = {Boca Raton, FL},
  url = {http://www-personal.umich.edu/~agalecki/}
}

@ARTICLE{Wickham2007,
  author = {Wickham, Hadley},
  title = {Reshaping data with the reshape package},
  journal = {Journal of Statistical Software},
  year = {2007},
  volume = {21},
  pages = {1--20},
  number = {12},
  url = {http://www.jstatsoft.org/v21/i12/}
}

@BOOK{Wickham2009a,
  title = {{ggplot2}: {E}legant {G}raphics for {D}ata {A}nalysis},
  publisher = {Springer},
  year = {2016},
  author = {Wickham, Hadley and Sievert, Carson},
  address = {New York, NY},
  edition = {2.},
  url = {http://github.com/hadley/ggplot2-book}
}

@ARTICLE{Wickham2009b,
  author = {Wickham, Hadley},
  title = {The {S}plit-{A}pply-{C}ombine {S}trategy for {D}ata {A}nalysis},
  journal = {Journal of Statistical Software},
  year = {2011},
  volume = {40},
  pages = {1--29},
  number = {1},
  url = {http://www.jstatsoft.org/v40/i01/}
}

@MISC{Wickham2011a,
  title = {{stringr}: {S}imple, Consistent Wrappers for Common String Operations},
  author = {Hadley Wickham},
  year = {2016},
  note = {R package version 1.1.0},
  type = {\bibcomputersoftware},
  url = {http://CRAN.R-project.org/package=stringr}
}

@ARTICLE{Wickham2011b,
  author = {Wickham, Hadley and Cook, Dianne and Hofmann, Heike and Buja, Andreas},
  title = {{tourr}: An {R} Package for {E}xploring {M}ultivariate {D}ata with {P}rojections},
  journal = {Journal of Statistical Software},
  year = {2011},
  volume = {40},
  pages = {1--18},
  number = {2},
  url = {http://www.jstatsoft.org/v40/i02/}
}

@BOOK{Wickham2014a,
  title = {Advanced {R} programming},
  publisher = {Chapman \& Hall/CRC},
  year = {2014},
  author = {Wickham, Hadley},
  address = {Boca Raton, FL},
  url = {http://adv-r.had.co.nz/}
}

@MISC{Wickham2014b,
  author = {Wickham, Hadley},
  title = {{devtools}: {T}ools to make developing {R} code easier},
  year = {2016},
  note = {R package version 1.12.0},
  type = {\bibcomputersoftware},
  url = {http://CRAN.R-project.org/package=devtools}
}

@MISC{Wickham2014c,
  author = {Wickham, Hadley and Francois, Romain},
  title = {{dplyr}: {A} grammar of data manipulation},
  year = {2016},
  note = {R package version 0.5.0},
  type = {\bibcomputersoftware},
  url = {http://CRAN.R-project.org/package=dplyr}
}

@MISC{Wickham2014d,
  author = {Wickham, Hadley},
  title = {{tidyr}: {E}asily tidy data with spread and gather functions},
  year = {2016},
  note = {R package version 0.6.0},
  type = {\bibcomputersoftware},
  url = {http://CRAN.R-project.org/package=tidyr}
}

@BOOK{Wickham2014e,
  title = {R packages},
  publisher = {O'Reilly},
  year = {2015},
  author = {Wickham, Hadley},
  address = {Sebastopol, CA},
  url = {http://r-pkgs.had.co.nz/}
}

@MISC{Wickham2015a,
  author = {Wickham, Hadley},
  title = {{readxl}: {R}ead {E}xcel Files},
  year = {2016},
  note = {R package version 0.1.1},
  type = {\bibcomputersoftware},
  url = {http://CRAN.R-project.org/package=readxl}
}

@MISC{Wickham2015b,
    title = {{haven}: {I}mport {SPSS}, {S}tata and {SAS} Files},
    author = {Wickham, Hadley and Miller, Evan},
    year = {2016},
    note = {R package version 1.0.0},
    type = {\bibcomputersoftware},
    url = {http://CRAN.R-project.org/package=haven},
}

@MISC{Wickham2015c,
  author = {Wickham, Hadley and Francois, Romain},
  title = {{readr}: {R}ead Tabular Data},
  year = {2016},
  note = {R package version 1.0.0},
  type = {\bibcomputersoftware},
  url = {http://CRAN.R-project.org/package=readr}
}

@BOOK{Wickham2016a,
  title = {R for data science},
  publisher = {O'Reilly},
  year = {2016},
  author = {Wickham, Hadley and Grolemund, Garrett},
  address = {Sebastopol, CA},
  url = {http://r4ds.had.co.nz/}
}

@MISC{Wickham2016b,
  title = {{tidyverse}: {E}asily Install and Load `Tidyverse' Packages},
  author = {Wickham, Hadley},
  year = {2016},
  note = {R package version 1.0.0},
  type = {\bibcomputersoftware},
  url = {https://CRAN.R-project.org/package=tidyverse},
}

@MISC{Wilke2016,
  title = {{cowplot}: {S}treamlined Plot Theme and Plot Annotations for ggplot2},
  author = {Wilke, Claus O},
  year = {2016},
  note = {R package version 0.6.3},
  type = {\bibcomputersoftware},
  url = {https://CRAN.R-project.org/package=cowplot},
}

@ARTICLE{Wilkinson73,
  author = {Wilkinson, G N and Rogers, C E},
  title = {Symbolic description of factorial models for analysis of variance},
  journal = {Applied Statistics},
  year = {1973},
  volume = {22},
  pages = {392--399}
}

@BOOK{Wilkinson2005,
  title = {The {G}rammar of {G}raphics},
  publisher = {Springer},
  year = {2005},
  author = {Wilkinson, Leland},
  address = {New York, NY},
  edition = {2.}
}

@BOOK{Wirtz2002,
  title = {Beurteiler\"{u}bereinstimmung und {B}eurteilerreliabilit\"{a}t},
  publisher = {Hogrefe},
  year = {2002},
  author = {Wirtz, Markus and Caspar, Franz},
  address = {G\"{o}ttingen},
}

@BOOK{Wood2006,
  title = {Generalized {A}dditive {M}odels: {A}n {I}ntroduction with {R}},
  publisher = {Chapman \& Hall/CRC},
  year = {2006},
  author = {Wood, Simon N},
  address = {Boca Raton, FL}
}

@BOOK{Wollschlaeger2012,
  title = {Grundlagen der {D}atenanalyse mit {R}: {E}ine anwendungsorientierte {E}inf\"{u}hrung},
  publisher = {Springer Spektrum},
  year = {2014},
  author = {Wollschl\"{a}ger, Daniel},
  address = {Berlin},
  edition = {3.}
}

@BOOK{Wollschlaeger2013,
  title = {R kompakt: {D}er schnelle {E}instieg in die {D}atenanalyse},
  publisher = {Springer Spektrum},
  year = {2016},
  edition = {2.},
  author = {Wollschl\"{a}ger, Daniel},
  address = {Berlin},
}

@MISC{Xie2012,
  author = {Xie, Yihui},
  title = {{knitr}: {A} general-purpose package for dynamic report generation in {R}},
  year = {2016},
  note = {R package version 1.14},
  type = {\bibcomputersoftware},
  url = {http://CRAN.R-project.org/package=knitr}
}

@BOOK{Xie2013,
  title = {Dynamic Documents with {R} and knitr},
  publisher = {Chapman \& Hall/CRC},
  year = {2015},
  author = {Xie, Yihui},
  address = {Boca Raton, FL},
  edition = {2.}
}

@ARTICLE{Yan2004,
  author = {Yan, Jun and Fine, Jason P},
  title = {Estimating equations for association structures},
  journal = {Statistics in Medicine},
  year = {2004},
  volume = {23},
  pages = {859--874},
  number = {6},
}

@ARTICLE{Yates1934,
  author = {Yates, Frank},
  title = {The analysis of multiple classifications with unequal numbers in the different classess},
  journal = {Journal of the American Statistical Association},
  year = {1934},
  volume = {29},
  pages = {51--66},
  number = {10},
}

@BOOK{Yee2015,
  author = {Yee, Thomas W},
  title = {Vector {G}eneralized {L}inear and {A}dditive {M}odels: {W}ith an {I}mplementation in {R}},
  publisher = {Springer},
  year = {2015},
  address = {New York, NY}
}

@ARTICLE{Yee2010,
  author = {Yee, Thomas W},
  title = {The {VGAM} {P}ackage for {C}ategorical {D}ata {A}nalysis},
  journal = {Journal of Statistical Software},
  year = {2010},
  volume = {32},
  pages = {1--34},
  number = {10},
  url = {http://www.jstatsoft.org/v32/i10/}
}

@ARTICLE{Zeileis2005,
  author = {Zeileis, Achim},
  title = {{CRAN} {T}ask {V}iews},
  journal = {R News},
  year = {2005},
  volume = {5},
  pages = {39--40},
  number = {1},
  url = {http://CRAN.R-project.org/doc/Rnews/}
}

@ARTICLE{Zeileis2004,
  author = {Zeileis, Achim},
  title = {Econometric {C}omputing with {HC} and {HAC} {C}ovariance {M}atrix {E}stimators},
  journal = {Journal of Statistical Software},
  year = {2004},
  volume = {11},
  pages = {1--17},
  number = {10},
  url = {http://www.jstatsoft.org/v11/i10/}
}

@ARTICLE{Zeileis2002,
  author = {Zeileis, Achim and Hothorn, Torsten},
  title = {Diagnostic {C}hecking in {R}egression {R}elationships},
  journal = {R News},
  year = {2002},
  volume = {2},
  pages = {7--10},
  number = {3},
  url = {http://CRAN.R-project.org/doc/Rnews/}
}

@ARTICLE{Zeileis2008,
  author = {Zeileis, Achim and Kleiber, Christian and Jackman, Simon},
  title = {Regression {M}odels for {C}ount {D}ata in {R}},
  journal = {Journal of Statistical Software},
  year = {2008},
  volume = {27},
  pages = {1--25},
  number = {8},
  url = {http://www.jstatsoft.org/v27/i08/}
}

@BOOK{Zelterman2015,
  title = {Applied Multivariate Statistics with {R}},
  publisher = {Springer},
  year = {2015},
  author = {Zelterman, Daniel},
}
